3303 5235
1085 336 1168 388 De
1205 333 1616 405 significatione
1654 333 2099 404 participiorum.
2722 334 2799 396 11

343 505 415 565 ut
453 499 601 584 quid
651 499 795 583 quis
851 498 1080 562 fecerit
1135 497 1456 583 designet,
1504 501 1855 581 antequam
1914 497 1993 561 ad
2050 498 2384 582 negotium
2438 497 2797 582 principale

345 606 817 690 exsequendum
865 627 934 668 se
979 603 1264 669 verterit.
1349 607 1542 688 atque
1587 603 1872 689 logicum
1920 603 2089 687 quod
2148 603 2385 668 dicitur
2430 603 2789 668 subiectum

339 715 408 777 in
454 714 654 778 verbo
702 710 893 774 finito
940 711 1128 775 inest.

522 819 715 903 Apud
754 815 1131 883 Ciceronem
1181 821 1246 882 et
1285 815 1627 882 Caesarem
1675 817 1781 881 hic
1828 837 1981 880 usus
2031 815 2514 901 angustissimis
2560 816 2793 880 finibus

344 925 866 1008 circumscriptus
907 927 1022 988 est.
1084 923 1308 988 Livius
1339 927 1404 989 et
1434 923 1779 989 Sallustius
1812 945 1953 988 eum
1994 924 2153 1006 pari,
2192 923 2305 987 sed
2336 944 2535 1007 parvo
2566 922 2799 1004 studi0‚

344 1032 638 1098 Velleius
685 1030 929 1094 maiore
978 1053 1096 1114 pro
1146 1030 1591 1114 amplitudine
1625 1031 2013 1113 scriptorum
2062 1030 2345 1113 amplexi
2396 1032 2574 1112 sunt,
2631 1052 2800 1093 sum-

347 1161 520 1203 mam
569 1137 844 1221 denique
883 1136 1325 1220 exemplorum
1364 1133 1830 1202 'abundantiam
1879 1135 2237 1200 invenimus
2280 1135 2450 1219 apud
2488 1135 2803 1200 Tacitum.

351 1246 547 1310 etiam
593 1244 716 1308 hoc
762 1264 1129 1326 monemuS,
1177 1243 1346 1326 quod
1387 1243 1731 1307 discrimen
1777 1243 1948 1306 inter
1992 1242 2241 1327 priores
2290 1244 2356 1305 et
2408 1241 2795 1324 posteriores

348 1351 696 1434 scriptores
752 1349 1030 1432 perbene
1088 1348 1420 1434 designet:
1476 1349 1530 1412 si
1579 1346 1817 1412 Caesar
1864 1349 1968 1412 vel
2016 1347 2237 1413 Livius
2285 1349 2387 1412 vel
2444 1347 2556 1412 alii
2617 1347 2800 1411 illam

353 1460 747 1520 structuram
792 1455 1232 1537 compluribus
1271 1455 1428 1519 locis
1467 1454 1832 1538 adhibeant,
1868 1455 2085 1519 nescio
2116 1477 2200 1519 an
2247 1454 2311 1519 id
2350 1477 2502 1519 casu
2549 1453 2795 1517 factum

347 1564 462 1644 sit,
521 1565 590 1626 at
643 1561 1086 1625 Tacitinorum
1143 1583 1220 1624 ex
1277 1581 1634 1646 permagna
1690 1561 2131 1643 exemplorum
2190 1559 2557 1644 frequentia
2616 1563 2799 1642 patet

346 1668 728 1752 scriptorem
787 1667 913 1732 sibi
971 1667 1298 1732 conscium
1353 1667 1583 1753 fuisse,
1633 1670 1947 1752 quantum
2012 1667 2173 1731 illud
2219 1667 2462 1731 idioma
2508 1665 2802 1730 conferat

343 1775 424 1842 ad
473 1773 782 1838 orationis
833 1773 1225 1838 brevitatem
1273 1773 1696 1858 efficiendam,
1761 1774 1978 1857 itaque
2028 1773 2104 1837 de
2169 1773 2489 1836 industria
2564 1775 2803 1836 certam

347 1881 673 1967 quandam
733 1881 863 1946 vim
923 1881 981 1944 ei
1041 1881 1366 1946 tribuisse.
1455 1903 1618 1965 quae
1675 1880 1966 1965 Draeger
1992 1878 2038 1965 ¹)
2105 1879 2386 1963 disserit,
2452 1900 2587 1942 non
2652 1881 2806 1962 apta

351 1993 505 2055 sunt
560 1988 640 2052 ad
699 1987 909 2050 lucem
967 1986 1117 2051 huic
1171 1989 1316 2051 usui
1369 1987 1799 2072 inferendam,
1852 2009 2005 2052 nam
2061 1987 2241 2052 varia
2302 1985 2803 2050 confunduntur.
2916 2048 2923 2058 ,

524 2095 863 2158 Praeterea
911 2114 1057 2157 cum
1115 2094 1383 2159 ablativi
1431 2094 1712 2159 absoluti
1757 2115 1878 2158 usu
1932 2095 2051 2157 illo
2110 2097 2443 2177 comparat
2486 2091 2805 2176 Draeger:

351 2204 510 2268 Iust.
553 2203 615 2285 Ι,
666 2199 696 2261 1
767 2200 1014 2262 decessit
1070 2203 1276 2266 relicto
1339 2204 1646 2284 impubere
1708 2201 1909 2267 adhuc
1970 2202 2104 2284 filio
2175 2221 2564 2285 quamquam
2635 2199 2803 2262 ratio

345 2333 610 2394 prorsus
658 2313 787 2377 alia
834 2317 950 2378 est.
1024 2309 1186 2376 illud
1234 2309 1405 2373 enim
1461 2308 1904 2392 relinquere
1952 2307 2216 2371 filium
2272 2328 2403 2370 non
2452 2309 2551 2370 est
2612 2306 2802 2389 acti0‚

346 2439 508 2500 quae
557 2420 882 2484 antecedit
936 2421 1240 2500 mortem,
1299 2417 1409 2480 sed
1466 2416 1610 2499 ipsa
1670 2419 1877 2480 morte
1934 2413 2197 2497 accidit,
2252 2414 2346 2477 ita
2390 2417 2491 2496 ut,
2548 2412 2603 2476 si
2648 2412 2806 2496 legi-

345 2513 572 2587 timam
610 2525 782 2588 viam
820 2524 1228 2609 ingrediariS‚
1277 2521 1613 2587 dicendum
1667 2522 1780 2585 sit:
1840 2519 2114 2585 decessit
2158 2519 2529 2602 relinquens
2580 2519 2805 2583 filium.

344 2653 549 2714 neque
616 2633 802 2696 aliter
858 2634 1136 2716 explices
1195 2629 1325 2696 Cic.
1383 2631 1463 2694 ad
1520 2630 1657 2693 Att.
1704 2627 1859 2707 VII,
1906 2629 2017 2710 21,
2074 2628 2117 2691 2
2171 2633 2245 2692 ut
2299 2628 2511 2691 stat-im
2566 2628 2808 2691 exirent

343 2740 490 2802 urbe
535 2740 763 2803 relicta.
826 2738 961 2803 Liv.
1012 2738 1063 2823 Ι,
1111 2739 1197 2802 34
1245 2738 1510 2801 moritur
1553 2742 1747 2800 itoeore
1786 2736 2051 2817 yravida
2094 2735 2325 2799 relicta.
2388 2732 2554 2799 Vell.
2594 2733 2677 2815 ΙΙ,
2716 2732 2800 2797 59

344 2846 493 2909 obiit
535 2850 917 2927 praetextato
973 2846 1177 2909 relicto
1232 2840 1380 2926 filio.
1464 2842 1690 2906 talium
1750 2841 2038 2905 locorum
2094 2861 2359 2923 prorsus
2408 2840 2604 2903 aliam
2663 2860 2803 2903 esse

344 2953 664 3016 rationem
724 2974 916 3036 quam
976 2948 1152 3015 Ourt.
1199 2948 1321 3027 IV,
1375 2951 1439 3026 1,
1490 2949 1572 3012 10
1634 2968 1807 3011 mare
1870 2948 2109 3011 traiecit
2166 2948 2339 3011 illato
2397 2947 2802 3011 Macedoniae

340 3059 486 3123 bello
541 3057 958 3122 manifestum
997 3060 1122 3137 est,
1179 3078 1340 3142 quae
1389 3056 1604 3119 omnia
1641 3054 1937 3138 exempla
1975 3051 2267 3137 Draeger
2306 3054 2489 3137 quasi
2540 3054 2795 3117 nullum

350 3165 704 3229 intercedat
749 3163 1106 3228 discrimen·
1144 3162 1468 3227 tractavit.

527 3288 629 3352 Ad
675 3310 888 3352 veram
936 3287 1110 3351 illius
1159 3309 1312 3353 usus
1362 3286 1642 3370 speciem
1688 3284 2043 3368 pertinent:

663 3402 725 3467 a)
770 3404 979 3472 Apud
1024 3402 1364 3459 Tacitum:

523 3501 691 3565 Ann.
730 3499 815 3583 ΙΙ,
859 3502 946 3564 40
993 3500 1162 3565 Dein
1205 3502 1500 3583 speculati
1541 3503 1771 3563 noctem
1818 3499 2253 3563 incustoditam
2290 3502 2534 3579 accepta
2580 3499 2801 3561 idonea

345 3630 541 3674 manu
585 3612 856 3673 vinctum
901 3608 1106 3671 clauso
1153 3630 1254 3673 ore
1295 3610 1362 3673 in
1390 3607 1715 3671 Palatium
1754 3610 2009 3668 traxere.
2073 3603 2156 3688 ΙΙ,
2186 3604 2269 3669 59
2314 3604 2597 3669 Tiberius
2634 3604 2801 3668 cultu

343 3706 672 3789 habituque
725 3713 854 3777 eius
909 3714 1141 3778 lenibus
1195 3715 1388 3779 verbis
1430 3713 1754 3795 perstricto
1819 3712 2113 3775 acerrime
2190 3712 2507 3794 increpuit.
2580 3711 2670 3796 ΙΙ,
2720 3712 2801 3775 78

345 3819 556 3878 armat
600 3808 763 3883 lixas
809 3822 1188 3902 traiectisque
1231 3823 1302 3885 in
1346 3822 1749 3886 continentem
1785 3818 2045 3883 navibus
2081 3820 2373 3884 vexillum
2420 3820 2691 3884 tironum
2730 3820 2799 3881 in

345 3920 605 3985 Suriam
666 3928 944 3991 eunt-ium
997 3928 1322 4008 intercipit.
1404 3926 1495 4004 ΙΙ,
1544 3926 1630 3991 80
1687 3925 1984 3990 admixtis
2037 3927 2439 3990 desertoribus
2494 3930 2550 3989 et
2604 3926 2799 3988 tirone

345 4048 543 4109 nuper
586 4031 912 4113 intercepto
949 4035 1192 4115 suisque
1239 4038 1297 4096 et
1331 4032 1679 4097 Plancinae
1715 4032 1979 4096 servitiis
2023 4033 2269 4096 auxilia
2314 4031 2575 4097 Cilicum
2622 4081 2637 4095 .
2676 4082 2689 4094 .
2730 4082 2743 4095 .
2784 4080 2797 4095 .

345 4155 740 4217 composuere.
788 4138 908 4221 ΙΙΙ,
955 4141 994 4204 8
1042 4140 1190 4203 Piso
1225 4139 1571 4221 praemisso
1617 4138 1688 4201 in
1732 4139 1941 4201 urbem
1985 4138 2118 4219 silio
2166 4138 2443 4218 datisque
2488 4138 2804 4202 mandatis

333 4263 452 4323 per
505 4263 663 4324 quae
707 4246 1058 4327 principem
1111 4246 1377 4310 molliret
1433 4246 1520 4309 ad
1560 4242 1849 4309 Drusum
1882 4246 2105 4327 peryit.
2187 4242 2313 4328 ΙΙΙ,
2360 4244 2401 4308 9
2449 4244 2598 4309 Piso
2643 4242 2803 4311 Daz-

344 4350 570 4413 matico
615 4352 784 4414 mari
821 4354 1182 4417 transmisso
1219 4352 1559 4432 relictisque
1594 4352 1766 4433 apud
1790 4350 2115 4418 Anconam
2160 4351 2422 4416 navibus
2467 4400 2481 4415 .
2521 4401 2534 4414 .
2573 4401 2588 4416 .
2634 4370 2793 4417 asse-

345 4457 571 4535 quitur.
636 4455 754 4540 ΙΙΙ,
797 4460 878 4522 10
925 4459 1030 4523 ille
1074 4460 1333 4525 dimissa
1368 4458 1500 4522 eius
1535 4478 1757 4522 causae
1792 4457 2091 4521 delatione
2127 4505 2143 4521 .
2183 4507 2196 4520 .
2236 4507 2249 4520 .
2289 4506 2302 4519 .
2340 4456 2616 4520 obtinuit.
2682 4456 2801 4542 ΙΙΙ,

491 4666 546 4734 1)
585 4664 709 4721 Stil.
749 4667 883 4721 Tac.
925 4673 954 4733 ς
993 4673 1114 4723 209.
