3303 5235
570 225 652 298 38
1646 232 1828 301 Caput
1864 233 1931 288 11.

566 395 659 480 Π,
705 394 793 459 44
837 395 946 462 hoc
989 397 1316 462 consilium
1359 397 1648 478 sequendi
1693 396 2021 478 Pompeius
2066 415 2321 462 causam
2366 396 2678 462 habuerat.
2748 395 2814 460 II
2824 445 2843 480 ,
2890 395 3065 460 104

569 503 955 585 continyendi
999 523 1258 566 manum
1301 501 1622 583 cupiditas.
1696 500 1787 586 11,
1828 501 1955 568 125
1989 502 2313 584 profunda
2348 503 2763 584 confundendi
2808 502 3070 566 omnia

569 609 916 692 cupiditate.
995 607 1060 674 11
1069 659 1088 693 ,
1135 608 1218 674 98
1282 609 1414 674 sine
1472 608 1606 672 ulla
1661 610 2055 674 ostentatione
2119 611 2355 691 ayendi.
2447 608 2540 694 II,
2592 608 2716 673 125
2772 630 2913 673 cum
2988 610 3070 672 ei

565 718 763 803 pietas
797 716 1134 782 rectissima
1161 713 1462 780 sentiendi
1497 719 1555 779 et
1587 717 1923 781 auctoritas
1958 737 2113 799 quae
2146 716 2439 782 sentiebat
2471 716 2781 781 obtinendi
2812 737 3066 799 super-

571 828 732 888 esset.
804 822 890 906 II,
941 821 1065 886 126
1120 826 1271 887 recte
1309 821 1585 900 faciendi
1637 822 1915 887 omnibus
1964 828 2077 888 aut
2118 823 2369 889 incussa
2411 823 2695 889 voluntas
2739 828 2855 888 aut
2906 825 3063 887 im-

560 932 770 1013 posita
815 929 1151 996 necessitas.

891 1064 951 1128 c)
997 1064 1181 1132 apud
1229 1062 1657 1118 sallustium:

760 1194 898 1262 Cat.
937 1197 1006 1279 2,
1043 1197 1085 1260 2
1134 1196 1465 1261 lubidinem
1511 1197 1878 1261 dominandi
1921 1216 2173 1260 causam
2220 1195 2359 1261 belli
2402 1196 2633 1261 habere.
2705 1195 2775 1281 4,
2814 1196 2857 1260 5
2902 1198 3053 1260 ini-

575 1305 732 1368 tium
768 1303 1096 1367 narrandi.
1174 1302 1283 1385 16,
1313 1302 1352 1366 3
1391 1323 1581 1366 causa
1610 1303 1921 1384 peccandi.
2003 1303 2116 1385 21,
2154 1303 2194 1366 3
2231 1304 2487 1368 initium
2522 1305 2760 1386 ayendi.
2837 1303 2946 1388 39,
2990 1305 3046 1366 3

571 1411 678 1474 ubi
710 1411 996 1492 primum
1032 1409 1236 1474 dubiis
1271 1409 1449 1474 rebus
1483 1409 1755 1474 novandi
1788 1429 1925 1491 spes
1960 1409 2165 1474 oblata
2201 1414 2302 1474 est.
2376 1409 2487 1493 51,
2526 1411 2613 1474 34
2655 1411 2806 1491 finis
2841 1409 3045 1491 iuqu-

576 1517 769 1581 landi.
843 1515 956 1600 52,
1000 1516 1032 1579 1
1070 1520 1403 1597 postquam
1439 1515 1670 1583 Caesar
1705 1517 1945 1582 dicendi
1978 1517 2165 1598 finem·
2197 1516 2356 1596 fecit.
2441 1516 2582 1601 Iug.
2633 1516 2739 1600 15,
2784 1517 2816 1580 1
2854 1521 3043 1598 post-

571 1643 760 1705 quam
785 1643 894 1687 rex
926 1623 1112 1704 finem
1143 1623 1425 1704 loquendi
1456 1623 1616 1703 fecit.
1692 1623 1805 1705 24,
1834 1623 1875 1685 2
1914 1643 2089 1704 quem
2130 1619 2573 1710 (Iugurtham)
2612 1627 2788 1687 tanta
2818 1623 3038 1686 lubido

573 1730 998 1811 exstinyuendi
1040 1748 1136 1793 me
1179 1729 1426 1794 invasit.
1498 1729 1613 1812 26,
1663 1729 1705 1792 2
1758 1729 1909 1810 quia
1950 1749 2141 1810 penes
2194 1731 2428 1794 eosdem
2482 1731 2539 1793 si
2592 1731 3039 1794 advorsaretur

573 1836 833 1918 coqundi
866 1839 1139 1918 potestas
1183 1841 1331 1900 erat.
1403 1835 1517 1920 31,
1561 1835 1649 1899 22
1696 1835 1825 1899 nisi
1860 1835 2073 1900 deinde
2113 1823 2403 1917 faciundi
2450 1836 2699 1900 licentia
2743 1838 3035 1918 eripitur.

574 1943 679 2024 34,
712 1942 744 2005 1
793 1941 901 2006 ubi
936 1941 1276 2006 Memmius
1309 1943 1563 2006 dicundi
1596 1943 1783 2023 finem
1815 1942 1974 2022 fecit.
2048 1942 2152 2027 35,
2191 1943 2231 2006 9
2279 1947 2474 2008 metus
2498 1944 2784 2024 parendi.
2848 1945 2957 2027 81,
2994 1945 3029 2008 1

579 2047 861 2113 omnibus
908 2048 1053 2112 locis
1085 2049 1418 2130 puqnandi
1461 2050 1703 2130 copiam
1744 2049 1915 2129 facit.
1990 2050 2101 2133 84,
2140 2049 2180 2114 6
2232 2054 2407 2113 tanta
2454 2049 2657 2114 lubido
2702 2070 2841 2113 eum
2878 2051 3035 2114 Ma-

575 2156 670 2220 rio
697 2155 885 2219 eundi
909 2155 1228 2237 plerosque
1253 2155 1580 2220 invaserat.
1646 2154 1754 2236 93,
1784 2155 1824 2218 3
1864 2156 2081 2236 cupido
2118 2156 2409 2238 difficilia
2441 2156 2745 2236 faciundi.
2806 2156 2959 2240 104,
2990 2158 3035 2220 2

577 2263 791 2345 Zeyatis
822 2265 1094 2345 potestas
1129 2261 1397 2326 Romam
1434 2262 1618 2326 eundi
1662 2261 1735 2333 fiet
1776 2261 1855 2325 ab
1898 2262 2155 2326 consule.
2228 2259 2379 2326 hist.
2410 2253 2527 2345 III,
2566 2262 2669 2347 61,
2710 2262 2788 2326 11
2839 2263 3031 2327 servi-

575 2368 731 2434 undi
775 2370 982 2450 finem.
1057 2367 1174 2450 IV,
1222 2368 1335 2452 61,
1383 2366 1423 2431 5
1469 2387 1658 2433 causa
1703 2367 1985 2432 bellandi.

575 2580 656 2669 E)
701 2579 835 2647 Iam
881 2579 1304 2648 enumeranda
1340 2581 1531 2646 erunt
1575 2579 2015 2656 substantiva,
2057 2596 2217 2662 quae
2263 2581 2379 2645 aut
2414 2581 2711 2647 revocari
2757 2582 3021 2666 possunt

667 2686 750 2753 ad
786 2688 986 2754 verba
1028 2686 1455 2752 intransitiva
1496 2687 1612 2752 aut
1658 2704 1842 2768 quam
1895 2687 2292 2770 primitivam
2334 2686 2702 2754 habuerunt
2746 2687 2931 2771 signi-

1103 2792 1485 2869 ficationem,
1534 2810 1609 2859 ea
1654 2793 1967 2877 paulatim
2012 2794 2276 2878 privata
2322 2795 2491 2860 sunt.

763 2937 829 3023 1)
877 2934 1303 3001 substantiva
1341 2936 1558 3020 qualia
1605 2941 1782 3001 sunt:
1832 2937 2155 3020 animu8,
2202 2938 2567 3022 ambituS,
2615 2941 3034 3020 certamen,

582 3068 723 3110 ars,
815 3044 961 3109 Tac.
1019 3065 1166 3107 ann.
1220 3042 1332 3127 IV,
1387 3044 1429 3107 2
1491 3064 1679 3126 neque
1742 3044 2046 3109 senatorio
2099 3044 2337 3108 ambitu
2399 3044 2737 3109 abstinebat
2788 3044 3032 3108 clientes

579 3174 722 3218 suos
766 3150 1096 3216 honoribus
1140 3155 1253 3214 aut
1282 3150 1626 3231 provinciis
1672 3150 1955 3214 ornandi.
2029 3148 2184 3233 XII,
2230 3149 2272 3214 5
2317 3152 2561 3216 veniam
2606 3150 2844 3216 dicendi
2890 3154 3033 3214 ante

585 3259 742 3324 alios
787 3258 1063 3339 exposcit.
1138 3254 1281 3339 XV,
1328 3255 1414 3320 50
1459 3256 1681 3337 cepisse
1723 3256 2016 3337 impetum
2061 3243 2325 3321 Subrius
2368 3259 2567 3339 flavus
2608 3257 2921 3337 ferebatur
2964 3257 3035 3319 in

582 3386 802 3431 scaena
837 3368 1147 3429 canentem
1184 3363 1490 3428 Neronem
1527 3361 1936 3445 aqyrediendi.
2009 3361 2161 3427 hist.
2188 3361 2238 3446 I,
2272 3364 2354 3427 12
2390 3364 2721 3427 arbitrium
2757 3363 3033 3446 eligendi.

584 3472 642 3555 I,
694 3472 773 3535 19
831 3454 1068 3535 ambitu
1111 3470 1470 3535 remanendi
1522 3474 1636 3534 aut
1679 3470 1881 3533 eundi.
1953 3468 2045 3548 11,
2093 3469 2179 3533 23
2227 3471 2554 3552 pugnandi
2606 3470 2843 3534 ardore.
2919 3468 3033 3551 IV,

588 3580 669 3643 78
731 3577 961 3642 obstitit
1005 3577 1378 3641 vincentibus
1421 3596 1694 3658 pravum
1739 3576 1900 3639 inter
1951 3576 2117 3657 ipsos
2170 3580 2471 3641 certamen
2485 3574 2535 3660 1)
2592 3576 2819 3641 amisso
2872 3574 3035 3641 hoste

583 3685 784 3767 spolia
827 3684 1222 3749 consectandi.
1295 3682 1356 3766 I,
1395 3684 1478 3748 68
1526 3687 1829 3747 certamen
1876 3682 2167 3747 luctandi.
2242 3680 2411 3747 Vell.
2450 3682 2540 3767 II,
2577 3683 2622 3746 4
2666 3684 2723 3747 si
2767 3683 2825 3747 is
2870 3703 3033 3749 occu-

580 3792 829 3877 pandae
873 3791 966 3854 rei
998 3789 1285 3872 publicae
1329 3790 1613 3853 animum
1656 3786 1965 3853 habuisset
2007 3789 2143 3853 iure
2186 3808 2443 3852 caesum.

769 3896 842 3983 2)
891 3896 1049 3979 Ius;
1085 3898 1420 3979 praeterea
1456 3894 1582 3959 huc
1617 3894 1899 3978 pertinet
1935 3894 2242 3977 peculiari
2270 3916 2390 3957 usu
2417 3895 2803 3959 vocabulum
2840 3916 3033 3960 com-

592 4007 888 4069 meatus
945 4000 1076 4086 (est
1131 4002 1302 4065 enim
1351 4004 1745 4066 commeatus
1792 4001 1893 4065 ius
1948 4023 2065 4085 per
2120 4004 2360 4065 certum
2408 4002 2725 4084 quoddam
2779 4005 3034 4087 tempus

587 4113 665 4176 de
705 4110 983 4175 statione
1031 4106 1441 4192 discedendi).
1525 4107 1674 4175 Tac.
1714 4130 1861 4172 ann.
1902 4106 2013 4191 VI,
2042 4108 2082 4171 3
2129 4110 2229 4173 ius
2274 4108 2533 4172 sedendi.
2618 4106 2774 4191 XII,
2804 4107 2893 4172 54
2937 4110 3037 4173 ius

585 4216 908 4283 statuendi.
983 4214 1175 4298 XIII,
1221 4213 1309 4278 54
1354 4215 1453 4278 ius
1496 4216 1755 4279 ducendi
1798 4215 1869 4278 in
1902 4213 2145 4279 hostem.
2229 4214 2379 4279 hist.
2414 4213 2497 4297 V,
2541 4215 2623 4278 12
2668 4218 2863 4297 empto
2902 4216 3035 4279 iure

589 4322 909 4388 muniendi
943 4325 1216 4385 struxere
1251 4340 1474 4385 muros.
1549 4319 1714 4385 Vell.
1751 4320 1843 4404 II,
1882 4320 1965 4384 99
2013 4321 2239 4387 veritus
2273 4341 2350 4385 ne
2390 4320 2599 4400 fulyor
2641 4339 2792 4384 suus
2837 4322 3032 4385 orien-

735 4571 787 4636 1)
824 4566 908 4623 De
945 4566 1054 4621 hoc
1090 4564 1216 4623 loco
1255 4565 1324 4623 cf.
1363 4566 1600 4637 append.
1643 4564 1818 4619 critic.
