3303 5235
631 331 720 396 20
1706 332 1889 402 Caput
1920 333 1994 388 ΙΙ.

812 491 994 558 Sicut
1038 516 1184 558 ann.
1230 493 1291 579 Ι,
1339 494 1424 560 28
1469 499 1703 560 noctem
1748 497 2051 560 minacem
2094 499 2153 558 et
2194 495 2267 558 in
2309 495 2501 560 scelus
2546 501 2906 577 erupturam
2947 495 3105 576 fors

633 599 860 664 lenivit.
917 599 972 680 I,
1017 601 1108 664 44
1151 601 1449 682 supplices
1491 601 1580 666 ad
1619 600 1766 664 haec
1810 606 1869 665 et
1909 621 2055 666 vera
2100 601 2459 681 exprobrari
2498 600 2758 680 fatentes
2803 601 3103 667 orabant.

629 703 690 788 I,
735 705 820 768 49
877 705 1026 788 quos
1079 707 1269 771 simul
1312 707 1598 772 vescentis
1641 708 1769 771 dies
1812 709 1999 772 simul
2052 707 2285 789 quietos
2328 727 2451 772 nox
2504 697 2814 772 habuerat.
2887 706 2947 790 I,
3000 707 3104 771 50

631 831 706 875 ex
757 812 992 877 duobus
1035 813 1358 878 itineribus
1416 813 1584 878 breve
1628 819 1687 878 et
1728 815 1977 879 solitum
2020 807 2327 898 sequatur}
2406 813 2467 898 I,
2512 813 2594 878 51
2654 816 2787 879 sine
2836 813 3104 878 vulnere

628 917 857 983 milites
899 908 1009 1000 qui
1052 920 1444 984 semisomnos
1489 922 1758 984 inermos
1792 925 1850 984 et
1880 921 2173 1002 palantes
2208 920 2560 984 oeciderunt.
2625 919 2711 984 ib.
2747 921 2853 984 sed
2884 916 3101 984 hostes

630 1024 816 1088 donec
868 1045 1086 1106 aymen
1119 1046 1238 1107 per
1289 1026 1486 1090 saltus
1518 1027 1943 1108 porriyeretur
1994 1027 2234 1089 immoti
2278 1026 2421 1090 dein
2478 1026 2674 1089 latera
2718 1031 2775 1090 et
2812 1026 3098 1106 frontem

631 1131 860 1194 modice
902 1130 1272 1218 assultantes
1317 1136 1444 1195 tota
1486 1133 1552 1196 vi
1593 1133 1957 1198 novissimos
2000 1133 2327 1196 incurrere.
2408 1130 2441 1195 I
2455 1182 2471 1215 ,
2516 1131 2600 1197 57
2657 1153 2817 1197 ecxor
2860 1132 3095 1196 Armi-

625 1238 773 1300 niae
828 1286 840 1300 .
879 1285 895 1301 .
934 1285 949 1301 .
988 1287 1002 1301 .
1056 1257 1248 1318 neque
1299 1239 1460 1302 vieta
1511 1239 1582 1302 in
1636 1239 1929 1304 lacrimas
1989 1259 2180 1320 neque
2232 1258 2367 1302 voce
2416 1238 2673 1320 supplex
2724 1239 3097 1320 compressis

627 1344 802 1407 intra
858 1345 1067 1408 sinum
1124 1344 1412 1408 manibus
1464 1347 1796 1427 yravidum
1852 1351 2095 1409 uterum
2149 1345 2412 1408 intuens,
2491 1343 2549 1426 I,
2598 1343 2682 1408 59
2736 1349 2811 1408 ut
2861 1344 3093 1426 quibus

631 1449 853 1513 bellum
905 1451 1120 1514 invitis
1177 1455 1290 1514 aut
1339 1452 1719 1533 cupientibus
1777 1457 1924 1517 erat.
2005 1450 2068 1533 I,
2118 1452 2204 1515 70
2249 1455 2679 1532 pernoctavere
2732 1452 2863 1516 sine
2904 1456 3089 1514 uten-

629 1555 848 1619 silibus
891 1557 1024 1620 sine
1049 1556 1184 1638 iyni
1219 1577 1449 1641 magna
1472 1579 1634 1640 pars
1669 1561 1835 1624 nudo
1871 1563 1983 1622 aut
2015 1557 2280 1622 mulcato
2318 1577 2577 1637 corpore.
2631 1555 2715 1640 II,
2746 1557 2827 1621 67
2866 1578 3091 1639 quam-

629 1660 724 1724 vis
757 1660 1114 1748 ambiyuum
1151 1665 1208 1724 et
1239 1661 1464 1725 scelera
1499 1683 1616 1727 sua
1651 1668 2035 1744 reputantem
2060 1663 2352 1744 perpulit.
2417 1661 2501 1746 II,
2534 1663 2617 1727 74
2652 1664 2793 1728 dein
2820 1664 3091 1728 Marsus

631 1767 860 1830 seniori
917 1771 975 1830 et
1025 1767 1234 1830 acrius
1292 1768 1560 1831 tendenti
1612 1767 1820 1833 Sextio
1880 1769 2179 1833 concessit.
2260 1766 2383 1851 III,
2436 1767 2519 1831 15
2579 1769 2891 1832 Tiberium
2948 1770 3091 1833 sine

627 1872 1020 1935 miseratione
1062 1872 1196 1936 sine
1239 1872 1343 1935 ira
1397 1872 1767 1938 obstinatum
1823 1875 2216 1955 clausumque
2258 1874 2431 1937 vidit.
2511 1873 2639 1958 III,
2684 1875 2771 1938 32
2826 1875 3087 1956 deliyen-

628 1979 778 2041 dum
811 1999 932 2060 pro
979 1978 1220 2042 consule
1257 1999 1531 2060 ynwrum
1575 1981 1838 2045 militiae
1880 2001 2129 2062 corpore
2180 1981 2458 2044 validum
2502 1985 2561 2044 et
2603 1980 2751 2044 bello
2796 1981 3081 2060 suffectu-

627 2104 786 2147 rum.
847 2083 965 2167 III,
995 2084 1079 2148 39
1126 2086 1408 2148 semermi
1442 2105 1516 2149 ac
1529 2086 1822 2168 palantes
1860 2087 2151 2151 trucidati
2184 2091 2344 2150 sunt.
2398 2085 2517 2169 III,
2549 2087 2633 2151 69
2678 2109 2756 2152 ne
2790 2093 3089 2152 verterent

627 2191 938 2271 sapienter
992 2192 1219 2271 referta
1273 2196 1332 2254 et
1385 2211 1620 2274 semper
1666 2193 1923 2274 placita.
2004 2190 2119 2276 IV,
2170 2193 2245 2255 11
2308 2193 2698 2257 incredibilia
2749 2195 2925 2258 avide
2984 2214 3086 2256 ae-

627 2301 797 2377 cepta
841 2298 1000 2362 veris
1043 2317 1232 2378 neque
1275 2298 1346 2361 in
1391 2297 1765 2362 miraculum
1810 2299 2112 2380 corruptis
2148 2303 2289 2361 ante
2334 2298 2635 2364 habeant·
2673 2296 2787 2383 IV,
2834 2299 2918 2363 38
2964 2299 3087 2363 hae

621 2403 1072 2484 pulcherrimae
1117 2404 1348 2486 effiyies
1392 2409 1451 2468 et
1491 2425 1842 2469 mansurae.
1925 2403 2005 2488 V,
2056 2405 2087 2467 1
2100 2405 2133 2467 1
2182 2424 2463 2470 mansere
2507 2405 2739 2486 infensi
2781 2426 2853 2469 ac
2896 2407 3085 2469 mini-

631 2513 841 2574 tantes.
906 2509 1018 2593 VI,
1071 2512 1104 2574 1
1153 2511 1480 2592 ambiyuus
1525 2532 1612 2574 an
1654 2511 1865 2576 urbem
1909 2513 2173 2575 intraret
2214 2530 2321 2574 seu
2364 2512 2515 2592 quia
2560 2517 2773 2576 contra
2816 2513 3084 2576 destina-

627 2624 800 2682 verat
841 2638 1010 2699 spem
1053 2619 1297 2681 venturi
1341 2617 1666 2683 simulans.
1722 2616 1869 2700 XII,
1897 2617 1937 2680 9
1985 2617 2175 2681 aetati
2217 2619 2537 2700 utriusque
2571 2640 2699 2684 non
2742 2619 3081 2684 absurdum

629 2730 686 2788 et
741 2726 988 2788 maiora
1037 2723 1495 2804 patefacturum
1553 2730 1703 2789 erat.
1785 2724 1941 2806 XII,
1988 2725 2075 2788 44
2132 2726 2352 2805 iqnaro
2406 2730 2465 2789 et
2516 2732 2774 2791 ornante
2828 2727 3083 2807 insuper

628 2830 1018 2895 Mithridate.
1099 2828 1295 2913 XIII,
1341 2831 1430 2894 40
1483 2832 1749 2897 iusserat
1797 2838 1870 2896 ut
1920 2830 2293 2897 instantibus
2346 2828 2687 2898 comminus
2738 2833 3087 2897 resisterent

628 2937 872 3017 refuyos
915 2956 1042 2999 non
1085 2942 1491 3017 sequerentur.
1556 2937 1735 3022 XIV,
1773 2940 1858 3003 46
1904 2958 2113 3003 verum
2158 2942 2217 3002 et
2260 2938 2372 3002 tibi
2414 2939 2625 3003 valida
2669 2944 2838 3003 aetas
2879 2937 3083 3003 rebus-

631 3062 745 3123 que
789 3046 845 3105 et
883 3042 1120 3123 fructui
1162 3064 1371 3107 rerum
1415 3045 1744 3127 sufficiens.
1808 3043 1953 3127 XV,
1987 3044 2068 3108 15
2103 3045 2336 3126 pavido
2381 3045 2577 3109 milite
2620 3051 2678 3109 et
2719 3046 3081 3110 concedente.

628 3145 772 3230 XV,
819 3147 905 3211 35
962 3150 1244 3229 quamvis
1301 3154 1534 3214 sontem
1591 3155 1650 3215 et
1704 3151 2042 3230 defensioni
2099 3150 2313 3214 merito
2376 3151 2672 3233 diffisum.
2754 3149 2942 3233 XVI,
2996 3151 3029 3214 1
3043 3154 3074 3214 1

625 3254 1039 3335 relinquerent
1087 3275 1230 3319 suos
1282 3257 1634 3336 superstites
1678 3262 1736 3321 et
1788 3258 2135 3321 morituros
2217 3254 2402 3340 XVI,
2454 3258 2534 3322 18
2591 3258 2755 3322 dicta
2794 3258 3082 3338 factaque

629 3360 760 3423 eius
820 3365 1051 3442 quanto
1114 3362 1412 3424 solutiora
1473 3367 1532 3425 et
1591 3364 1906 3443 quandam
1966 3363 2068 3427 sui
2132 3363 2570 3445 neyleyentiam
2631 3365 3079 3445 praeferentur.

629 3464 806 3549 XVI,
835 3467 920 3530 26
966 3466 1233 3531 cohibuit
1263 3468 1523 3549 spiritus
1558 3469 1690 3533 eius
1721 3468 2000 3534 Thrasea
2034 3490 2111 3533 ne
2144 3490 2309 3533 vana
2346 3474 2403 3532 et
2434 3490 2535 3533 reo
2570 3490 2697 3534 non
2723 3472 3076 3553 profutura.

629 3570 781 3636 hist.
826 3570 857 3634 Ι
868 3621 886 3654 ,
935 3573 970 3635 7
1029 3592 1338 3638 servorum
1391 3593 1618 3639 manus
1670 3575 1891 3641 subitis
1943 3576 2160 3639 avidae
2204 3580 2261 3639 et
2312 3579 2611 3656 tanquam
2664 3578 2837 3659 apud
2876 3590 3077 3641 senem

627 3677 1002 3758 festinantes
1087 3676 1136 3761 I,
1184 3678 1270 3742 34
1314 3680 1475 3743 inter
1513 3682 1847 3761 yaudentes
1890 3687 1948 3745 et
1988 3682 2342 3747 incuriosos
2424 3680 2475 3764 I,
2524 3681 2615 3777 75
2652 3688 2725 3746 ut
2768 3683 2915 3747 bello
2958 3684 3077 3747 im-

617 3803 808 3865 pares
852 3784 923 3847 in
955 3804 1112 3865 paee
1153 3784 1316 3848 nihil
1359 3786 1673 3850 omissuri.
1746 3785 1829 3871 II‘,
1877 3788 1963 3852 30
2006 3790 2152 3853 victi
2195 3794 2254 3853 et
2295 3790 2526 3870 ignavi.
2598 3789 2683 3873 II,
2731 3790 2818 3853 42
2864 3810 3076 3871 quam-

625 3910 814 3970 quam
859 3891 1120 3970 dispersi
1151 3892 1475 3971 pauciores
1516 3891 1683 3972 fessi.
1756 3892 1849 3976 11,
1892 3894 1978 3959 48
2015 3895 2305 3977 placidus
2350 3915 2453 3958 ore
2496 3896 2839 3977 intrepidus
2884 3897 3077 3962 verbis

627 3997 1083 4078 intempestivas
1143 4016 1396 4061 suorum
1463 3999 1758 4065 lacrimas
1816 4020 2097 4066 coercens.
2180 3999 2270 4084 ΙΙ,
2316 4001 2401 4064 49
2454 3999 2681 4065 Othoni
2732 4003 3073 4083 sepulerum

626 4107 1000 4167 exstructum
1045 4107 1134 4167 est
1173 4104 1476 4168 modicum
1521 4111 1578 4173 et
1619 4127 2005 4173 mansurum.
2059 4105 2287 4201 ‘Agritz
2316 4107 2402 4170 34
2446 4108 2811 4189 iynavorum
2856 4113 2916 4172 et
2955 4129 3071 4175 me-

630 4209 944 4274 tuentium.
1022 4208 1168 4274 dial.
1215 4210 1302 4274 22
1347 4212 1569 4293 firmus
1600 4214 1817 4295 paries
1860 4218 1919 4278 et
1959 4214 2314 4277 duraturus.
2393 4213 2474 4277 10
2519 4234 2851 4295 personam
2904 4219 3073 4279 nota-

627 4314 807 4378 bilem
851 4319 910 4378 et
951 4336 1088 4379 cum
1133 4319 1494 4383 auctoritate
1537 4320 1861 4384 dicturam.
1920 4320 2005 4384 34
2049 4340 2345 4401 maynam
2388 4320 2568 4384 illam
2604 4325 2662 4384 et
2702 4322 3072 4387 duraturam

627 4420 1046 4503 eloquentiam.

803 4527 1014 4594 Vellei
1077 4534 1141 4594 et
1210 4526 1498 4596 Sallustii
1561 4530 1668 4597 vix
1738 4533 2088 4617 quidquam
2151 4537 2279 4623 est,
2348 4531 2521 4619 quod
2583 4534 2721 4599 iure
2784 4532 2912 4599 huc
2976 4557 3072 4599 re·

623 4632 926 4707 feramus..
2258 4650 2265 4657 '
