3303 5235
595 311 723 377 100
1643 309 1829 382 Caput
1866 309 1959 367 IV.

589 476 868 540 amicitia
916 525 929 538 .
968 526 983 540 .
1023 525 1040 542 .
1083 474 1492 558 depelleretur.
1549 473 1730 557 XIV,
1764 475 1855 539 60
1898 478 2070 539 actae
2112 473 2185 538 ob
2228 474 2301 539 id
2340 475 2415 538 de
2455 475 2705 540 ancillis
2747 478 3051 558 quaestio-

589 603 696 648 nes
747 587 808 646 et
860 581 923 646 vi
977 587 1414 648 tormentorum
1467 582 1643 646 vietis
1695 581 2063 664 quibusdam
2116 584 2188 643 ut
2235 580 2407 660 falsa
2458 588 2803 647 annuerent
2832 585 3059 665 plures

581 690 900 772 perstitere
946 739 960 754 .
999 741 1013 754 .
1051 739 1066 754 .
1115 690 1290 754 tueri.
1355 688 1417 774 Ι,
1468 689 1550 754 10
1593 689 1859 754 consulti
1897 709 2010 770 per
2044 687 2381 752 ludibrium
2413 690 2735 772 pontifices
2776 710 2865 754 an
2910 711 3056 754 eon-

589 801 754 878 eepto
806 795 1063 862 necdum
1115 795 1272 860 edito
1315 799 1514 878 partu
1565 796 1685 860 rite
1726 795 1991 860 nuberet.
2079 791 2112 856 I
2122 842 2141 876 ,
2184 792 2276 858 45
2328 795 2419 860 sie
2470 797 2818 880 eonmositis
2860 817 3060 878 prae-

588 901 857 968 sentibus
927 902 1100 967 haud
1167 903 1374 966 minor
1443 901 1629 967 moles
1690 905 2021 983 supererat.
2112 898 2207 984 ΙΙ,
2261 900 2349 965 25
2410 901 2668 968 invictos
2730 903 3061 968 Romanos

580 1009 1028 1091 praedicabant
1079 1011 1190 1092 qui
1232 1009 1482 1092 perdita
1537 1008 1729 1074 classe
1782 1007 2032 1073 amissis
2076 1008 2276 1072 armis
2328 1009 2715 1090 irrupissent.
2795 1009 2915 1093 IV,
2966 1011 3059 1074 62

589 1117 932 1182 miserandi
968 1117 1167 1200 mayis
1200 1135 1351 1198 quos
1385 1115 1654 1197 abrupta
1677 1119 1865 1197 parte
1902 1115 2175 1196 corporis
2207 1115 2484 1180 nondum
2518 1116 2649 1180 vita
2684 1117 3059 1181 deseruerat.

589 1221 736 1287 hist.
785 1222 842 1307 Ι,
906 1223 984 1288 17
1049 1223 1260 1287 statim
1332 1221 1709 1287 intuentibus
1765 1227 1823 1286 et
1883 1242 2027 1286 mox
2092 1221 2373 1286 coniectis
2432 1222 2504 1286 in
2566 1243 2705 1286 eum
2768 1224 3060 1287 omnium

589 1330 797 1394 oculi&
869 1327 929 1414 Ι,
977 1329 1064 1392 20
1109 1329 1390 1394 omnibus
1433 1328 1741 1411 suspectis,
1815 1326 1882 1391 ΙΙ
1896 1377 1913 1410 ,
1958 1327 1999 1392 6
2040 1328 2325 1409 proximo
2379 1329 2547 1392 civili
2590 1329 2739 1394 bello
2785 1329 3059 1394 turbatis

588 1437 738 1501 aliis*
780 1438 1140 1502 inconeussa
1183 1437 1272 1502 ibi
1305 1455 1458 1519 pax.
1532 1433 1624 1518 Π,
1680 1435 1761 1500 15
1816 1439 2155 1500 &ostentata
2198 1436 2311 1500 diu
2354 1435 2500 1500 acie.
2572 1433 2664 1519 Π,
2710 1435 2798 1500 52
2842 1438 3057 1518 posito

587 1542 807 1624 ubique
851 1541 1000 1608 bello
1045 1563 1276 1627 mayna
1309 1563 1470 1626 pars
1512 1546 1762 1608 senatus
1804 1547 2141 1607 extremum
2185 1542 2515 1608 discrimen
2557 1543 2738 1606 adiit.

905 1693 995 1752 Π.
1057 1695 1265 1764 Apud
1309 1693 1678 1750 vouoium:

765 1809 797 1872 I
808 1860 827 1893 ,
876 1811 958 1874 13
1019 1829 1211 1892 neque
1269 1829 1334 1874 se
1385 1809 1591 1873 Roma
1656 1809 1789 1872 iam
1853 1813 2161 1872 terrarum
2225 1807 2359 1871 orbi
2418 1813 2705 1889 superato
2766 1827 3053 1872 semaram

587 1917 857 1996 speravit
902 1914 1052 1995 fore.
1132 1915 1225 1999 H,
1278 1914 1403 1979 105
1445 1915 1651 1996 pietas
1702 1933 1822 1978 sua
1866 1911 2191 1977 Gaesarem
2237 1933 2437 1994 paene
2490 1914 2811 1979 obstructis
2855 1915 3055 1980 hieme

588 2020 857 2103 Ambus
900 2021 970 2086 in
1014 2021 1225 2086 urbem-
1269 2022 1480 2085 traxit.

905 2169 1029 2229 111.
1088 2173 1296 2241 Apud
1332 2168 1765 2228 Sallustinm:

767 2283 906 2352 Cat.
945 2287 1049 2371 26,
1092 2287 1120 2350 1
1174 2287 1273 2353 his
1315 2287 1492 2351 rebus
1535 2286 1911 2370 comparatis
1957 2282 2233 2349 Catilina
2278 2334 2293 2349 .
2332 2335 2349 2350 .
2386 2336 2400 2350 .
2436 2286 2691 2367 petebat.
2748 2287 2911 2354 hjst.
2939 2289 3039 2368 IV,

589 2393 671 2457 61
683 2443 702 2476 ,
755 2394 832 2458 16
886 2413 1052 2458 nune
1104 2414 1326 2476 quaeso
1372 2395 1692 2459 considera
1744 2393 1919 2458 nobis
1973 2392 2273 2474 offlessis
2330 2397 2541 2456 utrum
2593 2394 2940 2476 firmiorem
2988 2402 3033 2460 te

587 2501 674 2563 ad
714 2499 1116 2565 resistendum
1161 2522 1247 2565 an
1291 2500 1478 2582 finem
1523 2500 1664 2565 belli
1702 2500 1991 2582 futurum
2024 2503 2220 2582 putes,

873 2694 943 2760 E.
996 2694 1086 2758 De
1133 2693 1423 2760 ablativo
1469 2694 1766 2761 absoluto
1812 2692 2230 2760 adversativo
2277 2709 2468 2758 sensu
2512 2694 2745 2777 posito.

766 2835 961 2901 Aliud
1017 2856 1222 2921 genus
1286 2835 1557 2901 ablativi
1622 2838 1936 2921 absoluti,
1999 2836 2180 2899 cuius
2234 2834 2305 2899 in
2357 2836 2543 2900 libris
2602 2838 3033 2922 grammaticis

589 2965 722 3007 non
770 2944 942 3008 iusta
987 2942 1151 3007 ratio
1198 2942 1493 3026 habetur,
1539 2946 1838 3029 apparet,
1884 2943 1939 3009 si
1988 2963 2215 3006 sensus
2262 2941 2706 3011 adversativus
2754 2946 3037 3011 ablativo

590 3049 983 3133 designatur.
1059 3050 1258 3113 etiam
1314 3048 1504 3113 huius
1551 3050 1805 3134 generis
1860 3052 2097 3113 natura
2143 3068 2219 3111 ex
2264 3051 2405 3113 tota
2460 3052 2781 3115 enuntiati
2824 3050 3041 3117 indole

588 3156 1029 3221 concludenda
1085 3160 1200 3221 cst.
1272 3156 1343 3219 in
1398 3158 1691 3220 nostram
1745 3157 2034 3240 linguam
2087 3154 2252 3218 tales
2310 3158 2673 3220 structurae
2729 3158 2900 3223 verti
2948 3180 3038 3223 so-

587 3260 726 3326 lent
780 3284 896 3346 per
949 3261 1468 3327 coniunctionem
1525 3261 1890 3327 wahrend
1956 3256 2189 3325 additis
2244 3261 2643 3327 correlativis
2707 3264 3041 3348 particulis

589 3367 1009 3433 einerscits
1061 3406 1136 3415 —
1189 3369 1747 3452 andererseits‚
1795 3369 1961 3433 sicut
2004 3366 2155 3431 Tac.
2201 3366 2350 3433 hist.
2395 3366 2490 3451 II,
2537 3368 2620 3433 57
2657 3372 2858 3451 pauci
2902 3377 3041 3435 vete-

587 3496 731 3539 rum
784 3476 1055 3541 militum
1105 3476 1178 3539 in
1229 3474 1502 3541 hibernis
1553 3476 1751 3541 relicti
1801 3475 2113 3556 festinatis
2146 3494 2265 3555 per
2310 3473 2561 3539 Gallias
2614 3476 2937 3542 dilectum
2978 3482 3043 3541 ut

587 3584 1039 3648 remanentium
1103 3582 1407 3663 legionum
1467 3584 1729 3647 nomina
1790 3582 2237 3665 supplerentur,
2298 3582 2525 3663 weniye
2586 3582 2709 3645 alte
2770 3584 3041 3648 soldaten

588 3690 842 3753 wiorden
893 3692 965 3753 in
1026 3690 1142 3753 den
1193 3689 1764 3779 winterquartieren
1814 3687 2338 3769 zuruclcyezassem
2400 3684 2697 3750 wahrend
2755 3690 3041 3753 anderer-

588 3797 734 3859 seits
777 3796 876 3859 die
925 3795 1212 3876 werbuny
1256 3795 1328 3859 in
1375 3794 1626 3859 Gallien
1682 3793 2086 3875 besehleuniyt
2124 3792 2358 3869 wurde,
2402 3792 2605 3855 damit
2645 3792 2745 3857 die
2788 3796 3041 3860 ,9αηῖεῆ-

583 3902 959 3983 9ebliebenen
1024 3901 1297 3983 leyionen
1357 3904 1610 3983 erya‘net
1670 3902 1940 3965 wiirden.
2024 3897 2153 3962 alia
2216 3898 2514 3982 exempla
2578 3904 2755 3963 sunt:
2778 3898 2829 3985 ¹)
2896 3902 3038 3966 Tac.

590 4028 737 4071 ann.
784 4004 868 4087 ΙΙ,
917 4005 1000 4067 74
1045 4005 1256 4067 ceteris
1299 4006 1528 4069 modice
1571 4006 1729 4069 nisis
1772 4006 1935 4069 inter
1992 4003 2237 4067 Vibium
2280 4003 2576 4068 Marsum
2621 4009 2680 4068 et
2722 4004 2834 4070 Cn.
2883 4008 3035 4071 Len--

590 4113 748 4175 tium
791 4112 902 4175 diu
944 4112 1305 4191 quaesitum.
1372 4109 1550 4194 XIV,
1579 4112 1663 4175 37
1711 4116 1859 4174 sunt
1899 4110 2008 4192 qui
2054 4159 2067 4172 .
2106 4157 2120 4172 .
2159 4158 2173 4173 .
2220 4112 2520 4192 oetoyinta
2564 4112 2746 4176 milia
2772 4112 3032 4177 Britan-

587 4239 812 4281 norum
865 4218 1143 4281 eeeidisse
1190 4218 1446 4280 tradant
1500 4218 1771 4281 militum
1815 4216 2282 4298 quadringentis
2320 4216 2515 4298 ferme
2556 4218 2892 4298 interfectis
2934 4238 3034 4284 nee

588 4323 782 4387 multo
841 4324 1112 4405 amplius
1171 4323 1525 4386 muneratis.
1606 4320 1784 4405 XIV,
1830 4322 1917 4385 42
1979 4327 2227 4387 senatus
2288 4322 2558 4387 obsessi&
2608 4324 2681 4387 in
2732 4346 2854 4405 quo
2907 4328 3031 4407 ip⁸o

739 4551 790 4614 1)
849 4546 1240 4617 Exemplorum
1285 4567 1548 4604 numerus
1585 4567 1698 4605 non
1735 4550 1819 4604 ita
1855 4566 2089 4619 magnus
2127 4551 2246 4634 est„
2266 4551 2332 4603 ut
2366 4548 2590 4604 intersit
2624 4567 2695 4604 oa
2728 4554 3027 4607 sec-undum

592 4639 848 4703 tempora
884 4634 1156 4702 ordinare,
1188 4652 1357 4704 quare
1394 4638 1710 4705 promiscuo
1746 4638 2118 4707 proferuntur.
