3303 5235
927 327 1011 381 De
1048 326 1473 397 participiorum
1511 343 1613 379 usu
1650 326 2049 396 praedicativo.
2590 325 2713 390 101

263 495 450 554 erant
490 491 700 557 studia
743 491 1010 554 nimiam
1045 491 1422 555 severitatem
1459 490 1927 572 aspernantium
1950 489 2241 570 pluribus
2274 489 2437 554 nihil
2471 495 2716 554 mutan-

261 599 416 661 dum
477 597 872 662 censentibus.
954 596 1104 660 hist.
1150 595 1244 676 H,
1290 597 1379 661 42
1433 598 1655 660 omisso
1702 595 1980 678 pilorum
2032 596 2197 660 iactu
2246 596 2479 678 yladiis
2522 599 2581 662 et
2628 617 2715 662 se-

259 704 515 769 curibus
543 704 757 786 yaleas
793 703 1130 784 loricasque
1153 723 1565 786 perrumpere.
1621 701 1706 786 ΙΙ,
1735 703 1820 766 69
1857 703 2149 784 pietatem
2184 703 2457 766 militum
2491 703 2719 767 collau-

257 811 439 874 davit
503 810 901 890 frementibus
970 810 1231 875 auxiliis
1303 813 1544 874 &entiam
1615 810 2011 892 impunitatis
2075 815 2255 892 atque
2324 810 2721 892 arroyaiitiae

257 918 626 1000 leyionariis
669 917 999 982 accessisse.
1090 915 1184 999 ΙΙ,
1231 917 1313 981 87
1363 913 1700 981 onerabant
1750 916 2205 980 multitudinem
2252 916 2411 980 obvii
2454 935 2528 981 eoe
2571 915 2719 980 urbe

253 1029 572 1089 senatores
619 1074 632 1087 .
673 1073 687 1088 .
727 1074 739 1087 .
778 1073 792 1089 .
840 1043 1045 1088 omnes
1088 1043 1164 1087 ne
1207 1023 1357 1088 aliis
1389 1023 1917 1105 proficiscentibus
1962 1022 2085 1104 ipsi
2127 1029 2527 1088 remanerent.
2598 1022 2717 1106 ΙΙΙ,

261 1129 350 1194 15
388 1135 633 1212 postero
677 1131 776 1195 die
821 1129 1155 1213 leyionibus
1198 1131 1287 1194 ad
1327 1130 1730 1194 muniendum
1773 1130 2020 1194 retentis
2064 1131 2407 1194 auxiliares
2451 1129 2717 1194 cohortes

253 1237 330 1301 in
383 1234 842 1301 Cremonensem
885 1255 1108 1318 ayrum
1152 1237 1392 1301 missae.
1450 1234 1566 1319 ΙΙΙ,
1598 1235 1684 1298 70
1728 1235 1859 1300 iam
1905 1235 2243 1319 Hispaniis
2272 1233 2719 1319 Germanisque

253 1347 316 1407 et
365 1342 722 1408 Britannia
765 1339 1253 1424 desciscentibus..
1316 1339 1430 1424 IV,
1477 1342 1518 1405 3
1564 1342 1747 1406 motis
1790 1343 1879 1406 ad
1928 1342 2151 1408 bellum
2198 1343 2533 1409 Germanis
2573 1365 2717 1409 mox

252 1450 571 1532 Illyricos.
662 1448 775 1534 IV,
828 1449 915 1513 22
979 1445 1318 1513 assultante
1359 1469 1478 1530 per
1540 1469 1787 1530 campos
1847 1450 2054 1530 equite.
2144 1448 2258 1533 IV,
2303 1450 2391 1515 35
2452 1451 2719 1518 cohortes

259 1555 618 1622 Geldubam
651 1575 976 1636 perrexere
1011 1554 1403 1618 manentibus
1437 1559 1510 1618 ut
1537 1554 1796 1634 fuerant
1828 1556 2062 1621 castm‘s.
2117 1555 2231 1638 IV,
2260 1557 2341 1620 61
2381 1556 2719 1622 cohortium

253 1663 520 1727 alarum
581 1661 885 1744 leqionum
947 1659 1202 1726 hiberna
1262 1661 1548 1726 subversa
1609 1667 1991 1744 crematoque
2052 1663 2135 1727 iis
2188 1668 2429 1728 tantum
2490 1665 2719 1730 relictis

253 1790 426 1852 quae
459 1768 860 1851 Maquntiaci
893 1772 952 1832 et
988 1767 1393 1834 Vindonissae
1435 1769 1559 1832 sita
1602 1773 1763 1833 sunt.
1836 1767 1953 1853 IV,
2000 1769 2087 1833 64
2130 1771 2418 1835 instituta
2461 1771 2716 1834 cultum-

252 1898 380 1959 que
411 1876 700 1958 patrium
744 1876 1030 1940 resumite
1074 1876 1354 1958 abruptis
1397 1876 1809 1958 voluptatibus
1852 1877 2071 1958 quibus
2104 1875 2381 1941 Romani
2415 1877 2565 1958 plus
2610 1879 2717 1942 ad-

253 2004 472 2048 versus
497 1983 788 2048 subiectos
811 2003 1000 2065 quam
1026 1983 1224 2046 armis
1249 1983 1468 2047 valent.
1541 1981 1622 2066 V,
1650 1973 1701 2046 5'
1734 1982 2022 2048 Liberum
2046 1987 2293 2065 patrem
2320 1983 2436 2048 coli
2461 1985 2712 2048 domito-

255 2111 394 2154 rem
450 2089 703 2154 orientis
753 2085 998 2171 quidem
1049 2089 1340 2152 arbitrati
1382 2093 1530 2154 sunt
1569 2109 1959 2170 nequaquam
2012 2090 2479 2172 conqruentibus
2537 2092 2713 2156 insti-

259 2197 430 2261 tutis,
505 2193 586 2278 V,
639 2196 716 2259 17
763 2216 953 2276 neque
994 2199 1200 2260 nostro
1243 2194 1438 2259 milite
1471 2194 1771 2276 paludem
1813 2196 2209 2278 inqrediente‚
2263 2201 2333 2261 at
2386 2196 2719 2262 Germanis

265 2309 338 2367 ut
386 2303 668 2367 elicerent
730 2301 1167 2366 lacessentibus.
1250 2298 1413 2365 Vell.
1460 2299 1551 2386 Π,
1601 2301 1683 2365 16
1736 2302 2075 2384 recipiendo
2128 2303 2201 2368 in
2254 2303 2556 2368 civitatem
2608 2305 2719 2386 qui

269 2429 451 2474 arma
494 2413 610 2472 aut
650 2429 777 2474 non
821 2414 1102 2491 ceperant
1145 2413 1256 2472 aut
1298 2409 1705 2490 deposuerant
1738 2409 2049 2474 maturius
2093 2410 2251 2474 vires
2284 2411 2539 2492 refectae
2573 2418 2720 2477 sunt

272 2515 556 2596 Pompeio
613 2514 909 2597 Sullaque
961 2520 1020 2579 et
1061 2515 1277 2580 Mario
1331 2515 1616 2595 fluentem
1667 2515 2271 2598 procumbentemque
2322 2537 2451 2582 rem
2493 2520 2719 2601 populi

272 2620 542 2687 Romani
585 2623 1053 2687 restituentibus.
1133 2622 1198 2685 H
1207 2673 1225 2706 ,
1271 2623 1356 2687 48
1403 2622 1581 2686 unice
1625 2628 1864 2687 cavente
1909 2622 2191 2689 Cicerone
2232 2627 2584 2691 concordiae
2626 2628 2718 2691 rei

252 2729 556 2811 publicae.
649 2727 741 2812 II,
798 2729 884 2793 60
939 2731 1222 2794 vendente
1284 2750 1412 2794 rem
1455 2728 1771 2812 publicam
1796 2802 1809 2818 .
1834 2730 2090 2796 consule.
2182 2730 2276 2817 ΙΙ,
2330 2732 2417 2796 66
2476 2732 2718 2812 furente

258 2837 481 2900 deinde
523 2835 801 2900 Antonio
845 2836 1144 2917 simulque
1179 2836 1412 2918 Lepido
1459 2886 1473 2900 .
1511 2886 1525 2901 .
1557 2887 1577 2915 ⁴.
1624 2843 2000 2920 repuqnante
2027 2836 2287 2903 Caesare
2330 2841 2436 2905 sed
2472 2840 2717 2920 frustra

255 2943 556 3007 adversus
608 2943 760 3007 duos
812 2942 1234 3007 instauratum
1278 2934 1532 3006 Sullani
1585 2944 1847 3025 exempli
1891 2945 2129 3008 malum
2161 2947 2548 3028 proscriptio.
2629 2948 2715 3033 II,

261 3052 298 3113 1
315 3050 400 3113 10
445 3070 634 3131 neque
678 3054 877 3113 tutum
912 3050 1112 3114 visum
1155 3049 1363 3114 abdito
1410 3048 1707 3113 interiora
1742 3050 2005 3113 exercitu
2038 3070 2299 3115 vacuam
2344 3056 2472 3116 tam
2518 3054 2715 3120 vicino

251 3156 422 3221 hosti
465 3156 805 3238 relinquere
847 3156 1131 3221 Italiam.

441 3386 510 3453 F.
592 3387 682 3451 De
729 3386 1019 3454 ablativo
1065 3385 1360 3452 absoluto
1409 3386 1520 3467 qui
1565 3385 1648 3451 ad
1694 3385 2005 3453 rationem
2051 3384 2545 3453 condicionalem

1047 3493 1400 3575 usurpatur
1455 3490 1924 3574 designandam.

446 3635 765 3711 Quoniam
833 3635 1088 3720 singula
1147 3656 1260 3718 per
1314 3656 1381 3699 se
1442 3635 1579 3697 sola
1633 3634 1978 3718 participia
2029 3636 2100 3699 in
2155 3637 2368 3702 locum
2422 3640 2713 3703 enuntia-

253 3748 484 3807 torum
539 3741 1089 3825 secundariorum,
1144 3761 1304 3824 quae
1360 3740 1849 3825 hypotheticam
1906 3740 2188 3805 indolem
2240 3742 2513 3827 habent,
2568 3745 2714 3809 sub-

259 3850 644 3930 stituuntur,
680 3847 1131 3911 offendendum
1167 3869 1299 3911 non
1329 3851 1444 3929 est,
1481 3846 1536 3911 si
1575 3846 1770 3912 etiam
1810 3846 2131 3912 ablativus
2170 3849 2506 3914 absolutus
2542 3850 2715 3915 hunc

259 3976 454 4019 usum
522 3953 878 4037 adoptavit.
964 3953 1151 4017 illum
1199 3956 1412 4016 autem
1468 3952 1731 4017 maioris
1776 3952 2074 4017 licentiae
2130 3954 2388 4039 signum
2443 3977 2598 4039 prae
2646 3979 2713 4021 se

257 4062 465 4142 ferre,
520 4082 709 4143 quam
779 4059 1044 4124 ablativi
1111 4059 1390 4123 absoluti
1455 4062 1847 4123 structuram
1910 4060 2195 4124 notionis
2252 4061 2711 4126 condicionalis

261 4167 630 4249 compotem
687 4164 905 4228 addita
959 4165 1303 4249 particula,
1359 4186 1521 4248 quae
1569 4163 1890 4229 rationem
1945 4164 2436 4249 hypotheticam
2491 4171 2711 4251 aperte

259 4272 528 4354 indicat,
555 4292 637 4335 ne
676 4272 1002 4336 existimes
1032 4273 1140 4353 (cf.
1167 4269 1275 4356 D).
1288 4268 1338 4355 ¹)
1399 4272 1713 4354 exempla,
1750 4292 1909 4355 quae
1937 4272 2108 4336 haud
2138 4293 2300 4355 opus
2329 4277 2428 4337 est
2456 4296 2712 4340 accura-

413 4487 465 4551 1)
511 4482 664 4537 Kritz
709 4483 767 4535 et
802 4480 1013 4551 Berger
1049 4482 1193 4535 hanc
1239 4480 1532 4535 materiem
1566 4497 1678 4535 non
1726 4480 1862 4535 satis
1911 4480 2157 4535 dilucide
2196 4484 2535 4550 tractarunt,
2581 4487 2713 4555 quia

265 4572 550 4641 exempla,
596 4570 694 4625 ubi
731 4570 1074 4625 condicionis
1112 4570 1267 4625 notio
1307 4570 1366 4624 et
1402 4568 1566 4638 talia,
1613 4569 1712 4625 ubi
1750 4568 2122 4625 concessionis
2160 4570 2378 4641 subest,
2424 4573 2579 4628 nullo
2619 4575 2712 4631 ob-

267 4662 494 4718 servato
531 4657 851 4715 discrimine
889 4659 1248 4716 confundunt.
