3303 5235
1026 293 1108 348 De
1145 294 1574 364 participiorum
1611 312 1715 349 usu
1751 295 2099 352 attributiw.
2701 298 2779 360 71

319 456 573 520 bellum.
666 456 819 520 hist.
875 456 932 538 I,
979 458 1062 521 39
1127 460 1200 522 de
1263 459 1578 524 occidendo
1647 459 1788 522 Tito
1863 459 2063 523 Vinio.
2154 458 2269 543 IV,
2314 460 2401 523 44
2466 461 2786 527 inchoante

321 561 595 628 Caesare
639 564 714 627 de
757 564 1044 630 abolendo
1089 566 1292 630 dolore
1335 568 1551 648 iraque
1595 571 1653 631 et
1693 567 1983 648 priorum
2040 571 2379 648 temporum
2423 570 2788 633 necessitati-

320 671 459 735 bus.
546 669 646 732 III
656 719 674 752 ,
722 670 808 734 65
873 673 944 736 de
988 693 1144 753 pace
1192 675 1612 756 ponendisque
1662 695 1781 756 per
1833 674 2238 738 conditionem
2290 676 2480 740 annis
2533 676 2787 756 aqitare.

321 776 445 860 IV,
474 777 563 840 40
608 776 900 857 referente
937 777 1196 844 Caesare
1231 780 1304 844 de
1347 782 1737 846 restituendis
1776 781 2007 845 Galbae
2040 780 2387 846 honoribus.
2455 779 2669 846 Germ.
2698 781 2785 846 22

327 885 408 947 de
475 884 940 949 reconciliandis
1009 886 1077 950 in
1148 887 1335 951 vicem
1405 889 1677 953 inimicis
1748 892 1805 952 et
1874 885 2198 970 iimqendis
2260 887 2675 970 affinitatibus
2732 893 2791 952 et

335 991 698 1056 arciscendis
729 993 1122 1073 principibus
1168 1043 1183 1058 .
1222 1043 1236 1058 .
1277 1045 1290 1058 .
1345 995 1707 1060 consultant.
1780 992 2209 1071 Ve11.11,21
2268 993 2475 1060 Cinna
2518 996 2591 1059 de
2634 996 2780 1059 reci-

321 1097 554 1178 piendo
595 1097 812 1162 Mario
860 1099 1041 1181 leqem
1087 1101 1244 1165 tulit.
1333 1098 1484 1164 Sall.
1529 1099 1668 1184 Iug.
1722 1100 1829 1183 11,
1875 1099 1917 1164 5
1970 1121 2108 1164 cum
2154 1101 2352 1165 multa
2396 1102 2469 1166 de
2513 1101 2784 1167 admini-

327 1204 588 1268 strando
631 1205 890 1285 imperio
934 1207 1244 1271 disserent.

1151 1339 1156 1344 ’
1228 1362 1317 1419 ΙΙ.
1368 1362 1441 1417 in
1477 1363 1878 1432 praepositio.

511 1469 660 1534 Tac.
708 1493 853 1536 ann.
892 1470 984 1554 II,
1023 1473 1106 1537 63
1153 1493 1270 1537 sua
1315 1472 1386 1538 in
1433 1475 1785 1537 destruendo
1833 1493 1897 1536 eo
1944 1472 2203 1536 consilia
2248 1473 2479 1536 extidit.
2553 1469 2667 1554 IV,
2705 1473 2784 1536 10

335 1581 405 1642 in
448 1579 747 1642 tradenda
791 1583 982 1643 morte
1023 1579 1242 1644 Drusi.
1318 1577 1439 1662 XI,
1469 1579 1556 1642 24
1601 1580 1672 1643 in
1716 1579 2025 1660 republica
2072 1579 2449 1661 capessenda.
2523 1576 2667 1659 XV,
2697 1579 2782 1643 68

333 1688 406 1749 in
435 1685 850 1766 perpetiendis
901 1686 1180 1767 supliciis
1234 1686 1675 1767 deqeneravere.
1760 1683 1969 1748 Germ.
2017 1685 2105 1748 20
2158 1686 2228 1748 in
2273 1685 2641 1765 accipiendis
2686 1685 2782 1748 ob-

325 1791 587 1856 sidibus.
663 1791 745 1854 29
792 1812 900 1855 nec
943 1792 1012 1854 in
1049 1792 1399 1856 auctoribus
1437 1793 1857 1874 coqnoscendis
1902 1812 2009 1856 nec
2052 1793 2123 1856 in
2157 1791 2480 1856 evolvenda
2516 1792 2784 1872 antiqui-

327 1903 455 1962 tate
502 1947 514 1960 .
557 1947 571 1960 .
611 1947 624 1960 .
664 1947 677 1960 .
723 1898 881 1962 satis
926 1918 1141 1979 operae
1185 1899 1539 1961 insumitur.
1613 1895 1779 1962 Vell.
1819 1896 1911 1980 II,
1948 1897 2035 1960 30
2082 1897 2145 1962 G.
2184 1896 2471 1963 Caesaris
2515 1898 2783 1962 absentis

325 2007 400 2069 in
445 2005 640 2069 altero
675 2004 994 2068 consulatu
1029 2005 1287 2085 petendo
1321 2010 1601 2068 senatum
1626 2004 2046 2086 populumque
2080 2004 2438 2070 Romanum
2482 2006 2783 2069 rationem

327 2112 564 2176 habere.
647 2110 713 2174 H
722 2163 740 2196 ,
768 2112 852 2176 33
907 2113 978 2176 in
1021 2112 1374 2193 appetendis
1418 2110 1748 2176 honoribus
1793 2111 2149 2176 immodicus
2193 2113 2265 2176 in
2302 2113 2582 2194 qerendis
2625 2131 2783 2175 vere-

272 2285 282 2289 -
331 2219 762 2284 cundissimus.
834 2217 926 2303 II,
953 2219 1038 2282 46
1083 2239 1275 2299 neque
1318 2219 1389 2282 in
1421 2219 1693 2300 pecunia
1728 2238 1916 2298 neque
1959 2219 2030 2282 in
2068 2219 2273 2300 qloria
2308 2219 2784 2300 conciqnscenda

339 2331 449 2390 aut
489 2327 740 2390 modum
783 2330 970 2389 norat
1009 2330 1122 2388 aut
1165 2325 1439 2406 capiebat
1482 2325 1830 2389 terminum.
1903 2322 1985 2407 II,
2014 2324 2100 2387 92
2146 2324 2215 2387 in
2260 2326 2523 2389 comiti-is
2566 2324 2785 2388 haben-

341 2432 456 2497 diS.
525 2430 618 2515 ΙΙ,
664 2432 749 2495 27
807 2432 1134 2496 contractis
1179 2432 1417 2496 circiter
1470 2431 1889 2513 quadraqinta
1932 2430 2182 2495 milibus
2230 2432 2609 2511 fortissimae
2644 2451 2784 2512 per-

347 2539 752 2602 tinacissimae
795 2539 866 2602 in
911 2538 1246 2602 retinendis
1291 2539 1488 2602 armis
1531 2538 1879 2602 iuventutis.
1958 2535 2041 2619 II,
2082 2536 2165 2599 29
2212 2537 2284 2600 in
2328 2538 2785 2602 reconcilianda

325 2648 539 2729 qratia
581 2647 980 2729 fidelissimus
1023 2646 1092 2709 in
1139 2648 1495 2728 accipienda
1539 2647 1958 2727 satisfactione
1998 2645 2357 2726 facillimus.
2443 2642 2593 2711 Sall.
2644 2642 2809 2729 Cat„

331 2754 448 2837 20,
500 2755 578 2815 11
634 2754 772 2834 quis
825 2753 1182 2817 mortalium
1230 2802 1242 2815 .
1284 2802 1296 2814 .
1336 2802 1348 2815 .
1389 2803 1402 2815 .
1461 2754 1719 2817 tolerare
1750 2757 1952 2834 potest
2005 2753 2137 2817 illis
2190 2752 2441 2817 divitias
2494 2772 2786 2833 superare

328 2880 491 2943 quas
524 2860 915 2941 profundant
955 2860 1027 2923 in
1071 2860 1432 2922 eoestruendo
1477 2859 1644 2921 mari
1681 2862 1737 2921 et
1780 2859 2086 2923 montibus
2121 2860 2543 2940 coaequandis.
2626 2858 2783 2923 hist.

329 2966 388 3051 I,
436 2968 518 3031 41
533 3017 550 3048 ,
604 2969 635 3029 1
693 2987 810 3048 quo
857 2967 1051 3048 captis
1107 2965 1404 3029 libertatis
1448 2984 1665 3027 curam
1718 2965 1972 3028 mise-ria
2026 2966 2257 3029 eximat
2308 2971 2423 3029 aut
2472 2968 2530 3029 si
2572 2968 2781 3048 provi—

330 3074 546 3137 deritis
589 3074 660 3137 in
703 3074 972 3138 vitandis
1003 3073 1299 3155 periculis
1345 3072 1545 3153 maqis
1589 3091 1776 3150 quam
1820 3072 2155 3136 ulciscendo
2204 3073 2549 3136 teneamini.

1150 3229 1272 3283 111.
1321 3241 1540 3297 super
1575 3227 1972 3297 praepositio.

514 3339 664 3404 Tac.
712 3362 859 3404 ann.
905 3338 1051 3424 XV,
1098 3338 1140 3403 5
1212 3359 1392 3421 super
1449 3338 1710 3419 petenda
1765 3337 2074 3401 Armenia
2136 3341 2193 3400 et
2252 3338 2569 3418 firmanda
2612 3359 2781 3420 pace.

333 3447 478 3531 XV,
525 3449 612 3511 24
665 3468 728 3512 se
759 3447 985 3529 priora
1029 3451 1086 3510 et
1130 3447 1344 3511 totiens
1389 3445 1620 3508 iactata
1665 3464 1847 3524 super
1893 3444 2219 3507 obtinenda
2265 3446 2570 3508 Armenia
2616 3467 2783 3511 nunc

333 3556 618 3619 omittere.
692 3553 835 3637 XV,
883 3554 963 3617 61
1013 3554 1176 3635 quod
1225 3553 1296 3615 in
1347 3551 1590 3615 visendo
1635 3570 1708 3613 ea
1753 3550 2191 3631 prohiberetur.
2275 3550 2425 3615 hist.
2470 3550 2531 3628 I,
2577 3552 2692 3635 41,
2739 3553 2779 3617 6

335 3661 482 3725 duan
526 3682 630 3726 vos
665 3666 829 3725 metu
860 3661 1170 3743 qravioris
1203 3658 1439 3723 servitii
1473 3678 1514 3721 a
1551 3658 1887 3739 repetunda
1923 3656 2197 3721 libertate
2234 3657 2561 3721 terremini.

746 3854 816 3919 B.
882 3855 972 3918 De
1018 3852 1327 3919 Ablativo
1376 3852 1487 3933 qui
1532 3852 1805 3918 vocatur
1848 3850 2381 3916 instrumentalis,

658 4006 719 4069 a)
767 4004 1008 4061 Taciti:

515 4144 665 4186 ann.
702 4120 753 4205 I,
789 4121 873 4186 52
911 4122 1073 4203 quod
1109 4120 1441 4202 larqiendis
1465 4120 1749 4201 pecuniis
1780 4119 2055 4198 favorem
2090 4120 2363 4182 militum
2398 4096 2807 4200 quaesivisset

337 4227 550 4293 bellica
613 4249 846 4309 quoque
900 4227 1260 4292 Germanici
1316 4227 1540 4325 ,qloria-
1582 4226 1934 4309 auqebatur.
2038 4223 2127 4308 II,
2185 4226 2226 4289 5
2284 4226 2481 4306 fessas
2538 4224 2787 4290 Gallias

335 4336 776 4399 ministrandis
839 4334 1024 4416 equis.
1039 4332 1087 4417 1)
1180 4332 1310 4397 XII
1321 4384 1338 4417 ,
1394 4333 1480 4397 34
1542 4334 1867 4415 firmavere
1929 4332 2172 4396 animos
2234 4333 2565 4396 minuendo
2627 4337 2788 4396 metu

481 4551 534 4612 1)
574 4561 698 4601 ann.
729 4545 824 4613 IV,
853 4552 920 4601 36
959 4550 1187 4599 ceterum
1218 4543 1570 4613 postulandis
1604 4542 1713 4596 reis
1749 4546 1861 4596 tam
1898 4543 2192 4597 continuus
2229 4558 2413 4596 annus
2446 4542 2573 4609 fuit.
2630 4542 2724 4609 XI,
2754 4546 2787 4596 5

341 4636 638 4691 continuus
690 4635 819 4689 inde
873 4639 922 4689 et
976 4650 1168 4689 saevus
1223 4633 1548 4688 accusandis
1601 4634 1711 4687 reis
1757 4630 1992 4687 Suillius
2040 4630 2209 4686 aliam
2252 4630 2468 4685 habent
2520 4630 2787 4700 indolem,
