3303 5235
645 308 686 370 6
1730 307 1916 376 Caput
1950 308 1993 360 1.

823 469 902 534 In
939 471 1166 555 lingua
1194 470 1396 555 igitur
1426 469 1663 534 Latina
1690 470 2101 555 participium
2132 469 2365 536 suffixo
2397 475 2455 535 to
2490 472 2842 536 formatum
2882 493 3123 554 saepe—

644 598 914 640 numero
971 576 1337 642 narrationi
1399 578 1716 641 insertum
1773 575 2129 659 invenitur,
2184 579 2259 640 ut
2320 577 2643 662 actionem
2700 577 2940 641 indicet
3010 580 3125 642 vel

643 683 888 748 factum
942 683 1139 747 verbo
1187 683 1373 749 finito
1432 684 1836 748 antecedens,
1937 686 2127 766 atque
2174 682 2335 747 haec
2378 685 2693 766 temporis
2739 684 2906 748 ratio
2968 707 3121 748 non

645 792 784 855 tam
833 790 1038 873 ipsius
1083 789 1404 872 participii
1453 790 1663 854 forma
1708 790 2113 873 exprimitur,
2160 811 2354 872 quam
2398 811 2564 853 nexu
2612 791 3121 854 sententiarum.

645 897 778 961 tale
823 896 1235 980 participium
1275 896 1332 959 si
1369 896 1514 979 quis
1555 897 1783 961 aorisfl
1830 897 1898 959 in
1936 895 2195 960 modum
2234 896 2533 979 usurpari
2571 896 2767 978 dicat,
2812 919 2896 960 ne
2936 897 3117 960 obli-

645 1003 931 1067 viscatur
975 1024 1057 1066 ne
1103 1002 1328 1066 aoristi
1379 1002 1638 1085 quidem
1676 1002 2019 1086 participio
2059 1023 2312 1086 semper
2346 1002 2667 1066 actionem
2704 1003 2807 1066 vel
2854 1002 3117 1067 factum

646 1108 998 1193 significari
1027 1108 1222 1172 verbo
1251 1108 1435 1172 finito
1465 1109 1866 1173 antecedens,
1918 1129 1992 1172 ac
2014 1108 2278 1172 Tacitus
2309 1109 2859 1193 breviloquentiae
2888 1110 3115 1173 cuius-

647 1213 794 1278 dam
834 1214 1160 1280 studiosus
1197 1215 1368 1279 hunc
1407 1237 1592 1280 usum
1631 1215 1959 1299 participii
1998 1215 2253 1298 saepius
2302 1214 2593 1292 admisit,
2640 1237 2831 1299 quam
2871 1213 3111 1282 Cicero

647 1321 750 1385 vel
798 1321 854 1386 si
901 1321 1046 1405 quis
1094 1322 1262 1387 alius
1309 1322 1584 1406 scriptor
1628 1323 1821 1406 plena
1867 1343 1943 1386 ac
1989 1321 2267 1386 rotunda
2313 1322 2603 1386 oratione
2652 1322 2972 1387 utebatur.

648 1498 724 1562 A.
781 1498 873 1562 De
909 1499 1254 1582 participio
1292 1497 1562 1582 perfecti
1609 1497 1779 1580 quod
1822 1499 1892 1563 in
1938 1497 2185 1564 modum
2232 1499 2567 1580 participii
2611 1500 2844 1565 aoristi
2879 1500 3117 1565 Graeci

1575 1603 1801 1670 dicunt
1844 1603 2166 1686 usurpari.

1003 1743 1058 1798 1.
1117 1745 1205 1798 De
1241 1743 1590 1814 participiis
1625 1742 1891 1813 perfecti
1928 1743 2251 1799 verborum
2290 1743 2740 1814 deponentium.

823 1851 1035 1916 Huius
1084 1853 1340 1938 generis
1385 1875 1503 1937 per
1548 1877 1618 1918 se
1666 1853 2015 1919 admodum
2063 1853 2379 1937 simplicis
2438 1856 2657 1920 omnia
2711 1857 3107 1940 proferenda

646 1963 837 2024 erunt
883 1960 1207 2044 exempla,
1252 1982 1408 2024 nam
1457 1961 1624 2026 aliae
1665 1961 1909 2045 species
1956 1960 2105 2025 huic
2150 1961 2585 2046 propinquae,
2632 1964 2743 2027 sed
2792 1987 2831 2028 a
2873 1965 3109 2048 priori-

645 2066 766 2130 bus
814 2066 1235 2149 scriptoribus
1284 2071 1397 2131 aut
1443 2068 1706 2133 omuino
1753 2089 1885 2132 non
1934 2072 2047 2131 aut
2091 2067 2470 2149 parcissime
2509 2076 2883 2154 usurpatae,
2939 2094 3103 2156 quas

645 2173 907 2237 Tacitus
955 2194 1418 2255 saepenumero
1466 2173 1791 2257 adhibuit,
1839 2195 1914 2237 eo
1962 2173 2194 2237 melius
2240 2175 2729 2259 perspicientur.

826 2277 991 2344 Sunt
1046 2280 1218 2345 enim
1262 2317 1348 2327 —
1405 2280 1470 2345 id
1519 2281 1691 2366 quod
1749 2281 1870 2345 hac
1928 2280 2151 2345 oblata
2199 2282 2531 2346 occasione
2589 2282 3105 2347 animadvertere

648 2386 801 2451 licet
847 2425 930 2431 ——
979 2387 1141 2450 duae
1189 2388 1473 2451 rationes
1486 2439 1503 2472 ,
1551 2410 1711 2472 quas
1759 2388 1827 2451 in
1873 2387 2102 2471 lingua
2141 2386 2439 2451 Tacitina
2486 2385 2832 2452 excolenda
2880 2390 3101 2454 obser-

649 2515 801 2559 vare
857 2495 1102 2578 possiS,
1158 2497 1355 2578 prout
1411 2493 1675 2560 Tacitus
1735 2498 1849 2558 aut
1910 2515 2063 2558 usus
2111 2494 2381 2558 alicuius
2437 2516 2639 2577 parva
2694 2495 2879 2559 initia
2935 2517 3101 2576 quae
3223 2487 3224 2512 ³

648 2599 819 2684 apud
865 2599 1320 2665 antecedentes
1368 2601 1717 2686 scriptores
1776 2603 2131 2685 suppetunt
2187 2600 2256 2665 in
2316 2622 2497 2665 suam
2543 2600 2791 2665 dicendi
2836 2622 3091 2665 consue-

646 2706 941 2770 tudinem
988 2707 1217 2789 recipit
1262 2707 1466 2791 iisque
1509 2711 1824 2791 tanquam
1871 2705 2290 2769 fundamento
2336 2708 2696 2791 suppositis
2745 2710 3098 2771 structuras

645 2835 850 2878 novas
884 2812 1389 2899 *insolenterque
1453 2812 1659 2877 dictas
1709 2812 1993 2897 effingit,
2052 2814 2163 2875 aut
2218 2812 2443 2895 primis
2511 2814 2640 2878 illis
2700 2814 3098 2900 superiorum

649 2919 942 3012 vestigiis
989 2940 1254 3003 prorsus
1303 2919 1619 3003 neglectis
1670 2920 1894 2983 statim
1944 2918 2023 2982 ad
2072 2940 2174 2981 res
2233 2919 2435 3001 priori
2480 2920 2681 2984 aetati
2728 2920 2989 2985 innotas
3036 2924 3102 2983 et

649 3024 978 3089 inauditas
1024 3025 1315 3108 procedit
1361 3026 1840 3112 excogitandas
2878 3008 2887 3017 ⁰

833 3132 975 3197 Iam
1021 3132 1318 3216 exempla
1361 3132 1488 3197 huc
1513 3132 1927 3217 ‚pertinentia
1974 3132 2394 3215 proferamus·

973 3248 1036 3313 a)
1085 3248 1325 3305 Taciti:
1906 3316 1914 3329 x

837 3343 1006 3409 Ann.
1052 3344 1110 3428 1,
1158 3344 1244 3409 34
1298 3346 1513 3411 dehinc
1566 3347 1779 3411 audito
1840 3346 2144 3429 leyiouum
2200 3348 2466 3411 tumultu
2519 3348 2751 3428 raptim
2795 3345 3100 3426 profectus

654 3452 860 3515 obvias
913 3456 1087 3515 eaetra
1141 3458 1344 3517 castra
1396 3452 1628 3516 habuit.
1729 3452 1814 3517 ib.
1876 3456 2019 3516 tuuc
2072 3474 2113 3515 a
2167 3454 2548 3516 veneratione
2600 3452 2872 3534 Auyusti
2926 3472 3099 3515 orsus

650 3558 826 3639 flexit
867 3560 954 3621 acl
995 3559 1281 3624 victorias
1327 3558 1780 3642 triumphosque
1821 3559 2066 3622 Tiberii.
2143 3558 2201 3637 I,
2250 3558 2334 3622 37
2385 3557 2792 3623 Germanicus
2835 3559 3098 3640 superio-

651 3685 779 3728 rem
825 3666 912 3729 ad
953 3667 1279 3730 exercitum
1313 3666 1625 3747 profectus
1668 3666 1995 3730 secundam
2042 3670 2099 3727 et
2143 3666 2387 3728 tertiam
2423 3715 2437 3728 .
2477 3715 2489 3727 .
2528 3715 2542 3730 .
2583 3716 2595 3728 .
2644 3666 2901 3747 leyioues
2944 3664 3100 3728 nihil

651 3775 967 3836 cunctatus
1011 3777 1390 3836 sacramento
1436 3771 1651 3853 adiyit.
1743 3770 1802 3854 I,
1849 3770 1933 3835 38
1995 3770 2267 3835 Reduxit
2309 3772 2379 3834 iu
2422 3770 2677 3835 hiberna
2734 3772 3001 3835 turbidos
3046 3776 3101 3835 et

651 3877 812 3942 nihil
870 3898 1070 3942 ausos.
1160 3876 1220 3960 I,
1267 3876 1350 3940 39
1416 3875 1665 3940 Interea
1722 3876 1905 3957 leyati
1957 3877 2035 3941 ab
2090 3881 2307 3942 senatu
2362 3897 2699 3959 regressum
2752 3878 2885 3941 iam
2936 3879 3102 3959 apud

651 4004 836 4049 aram
893 3983 1191 4051 Ubiorum
1243 3982 1684 4048 Germanicum
1740 3984 1982 4048 adeunt.
2065 3985 2151 4047 ib.
2198 3984 2565 4048 Munatium
2613 3984 2919 4048 Plancum
2966 4005 3095 4047 cou-

650 4091 1187 4173 sulatufuuctum
1222 4092 1525 4155 incusant.
1607 4090 1695 4156 ib.
1749 4091 1898 4155 Illic
1941 4092 2124 4174 siqua
2170 4096 2226 4155 et
2269 4092 2548 4173 aquilam
2592 4091 2913 4173 amplexus
2958 4092 3092 4155 reli-

647 4204 828 4281 9i0ue
871 4218 995 4263 sese
1041 4199 1371 4263 tutabatur.
1454 4197 1539 4260 ib.
1586 4197 1752 4261 Inice
1798 4200 2041 4263 demum
2086 4200 2395 4283 iuyressus
2439 4203 2645 4262 castra
2696 4195 3097 4261 Germanicus
3223 4200 3224 4253 ἶ

643 4306 902 4389 perduci
945 4306 1032 4369 ad
1071 4325 1132 4369 se
1177 4304 1486 4368 Plancum
1530 4305 1811 4387 imperat.
1868 4305 1957 4392 -Ι,
2004 4303 2092 4369 40
2136 4305 2247 4369 diu
2292 4309 2609 4369 cunctatus
2648 4356 2660 4367 .
2693 4354 2706 4367 .
2738 4352 2753 4367 .
2787 4308 3089 4385 postremo

651 4418 896 4477 uterum
954 4413 1084 4476 eius
1145 4415 1202 4475 et
1261 4431 1641 4475 communem
1702 4412 1908 4494 filium
1970 4413 2161 4477 multo
2228 4432 2365 4476 eum
2428 4412 2573 4491 fletu
2628 4410 2969 4491 corrmlexus
3026 4416 3096 4474 ut

653 4518 852 4584 abiret
884 4518 1172 4600 perpulit.
1250 4515 1283 4578 I
1297 4566 1317 4599 ‚
1354 4518 1442 4581 44
1487 4519 1676 4582 secuti
1720 4519 2061 4599 exemplum
2096 4518 2366 4582 veterani
2409 4516 2581 4581 haud
2620 4517 2811 4580 multo
2846 4522 2990 4597 post
3028 4518 3092 4580 iu

655 4624 943 4691 Raetiam
999 4624 1346 4687 mittuntur.
1439 4624 1498 4707 I,
1544 4624 1627 4689 47
1686 4644 1831 4688 mox
1884 4624 2140 4689 hiemem
2195 4630 2251 4689 et
2301 4625 2541 4707 ueyotia
2593 4624 2765 4688 varie
2818 4628 3091 4688 causatus
