3303 5235
559 270 645 334 70
1629 271 1815 340 Caput
1848 271 1944 326 ΙΙΙ.

557 435 935 499 veniendam.
1018 433 1154 519 Iug.
1200 435 1314 517 43,
1349 435 1395 498 4
1440 435 1528 498 ad
1567 455 1640 498 ea
1676 438 1997 520 patranda
2044 487 2057 500 .
2094 485 2110 500 .
2151 485 2166 502 .
2203 486 2217 500 .
2262 437 2465 500 omnis
2509 436 2728 500 civitas
2772 455 3006 499 summo

557 542 759 606 studio
805 541 1158 606 enitebatur.
1241 542 1345 620 62,
1383 543 1423 606 8
1471 563 1608 608 cum
1651 545 1781 625 ipse
1824 545 1911 608 ad
1950 545 2383 627 imperandum
2417 543 2731 608 Pisidiam
2774 561 3007 606 vocare-

561 653 680 713 tur.
771 649 886 732 63,
940 649 981 712 2
1047 650 1134 714 ad
1185 669 1364 729 quem
1421 645 1883 733 (consulatum)
1940 652 2303 732 capiendum
2344 655 2597 732 praeter
2658 653 3012 713 vetustatem

557 756 842 836 familiae
905 755 1039 819 alia
1101 756 1312 818 omnia
1365 755 1605 820 abunde
1657 761 1851 821 erant.
1942 755 2056 840 95,
2102 757 2143 820 3
2208 758 2295 821 ad
2350 755 2713 820 simulanda
2772 757 3014 838 neqotia

561 863 822 927 altitudo
885 862 1122 945 inqenii
1182 861 1573 926 incredibilis.
1673 863 1791 926 111
1806 913 1824 946 ,
1868 863 1914 926 4
1976 863 2063 956 ad
2120 864 2543 928 simalandam
2574 883 2792 944 pacem
2838 912 2851 924 .
2892 910 2907 927 .
2944 910 2961 926 .
2998 912 3013 925 .

561 990 717 1051 quae
777 969 964 1033 utilia
1023 969 1160 1034 visa
1221 969 1612 1033 constituunt.
1684 968 1836 1032 hist.
1890 967 1940 1052 Ι,
1986 969 2092 1053 41,
2139 971 2180 1034 3
2245 971 2333 1034 ad
2390 991 2464 1034 ea
2524 989 2681 1051 quae
2748 969 3014 1032 maiores

561 1077 814 1141 virtutes
848 1096 1133 1158 peperere
1175 1075 1606 1139 subvortunda.
1673 1074 1766 1150 ib.
1804 1075 1888 1139 27
1937 1076 2032 1140 M.
2070 1056 2413 1141 Aemilium
2455 1076 2761 1142 consulem
2804 1076 3015 1140 ducem

564 1190 622 1250 et
655 1189 962 1248 auctorem
1006 1183 1335 1264 sequimini
1379 1183 1466 1246 ad
1505 1183 1919 1264 recipiendam
1965 1183 2315 1248 libertatem.
2386 1183 2447 1266 I,
2474 1184 2560 1247 48
2596 1188 2847 1264 praeter
2888 1184 3013 1246 ido-

563 1311 748 1354 neum
783 1291 992 1354 ducem
1027 1289 1188 1354 nihil
1225 1290 1391 1354 abest
1423 1290 1510 1353 ad
1541 1289 2023 1354 subvortundum
2056 1291 2402 1372 imperium.
2471 1288 2621 1353 hist.
2658 1286 2786 1373 ΙΙΙ,
2824 1289 2927 1371 61,
2974 1289 3008 1351 7

566 1399 733 1462 raris
777 1398 940 1462 enim
985 1397 1235 1462 animus
1279 1401 1365 1461 est
1407 1397 1494 1461 ad
1536 1417 1610 1460 ea
1653 1417 1809 1478 quae
1839 1397 2090 1478 placent
2132 1395 2535 1478 defendunda.

1463 1553 1552 1608 ΙΙ.
1601 1551 1687 1608 ob
1724 1551 2120 1622 praepositio.

745 1663 892 1728 Tac.
932 1685 1076 1727 ann.
1115 1661 1237 1747 XI,
1266 1663 1307 1727 5
1353 1663 1422 1728 ob
1470 1683 1722 1727 causam
1767 1664 2085 1726 orandam.
2162 1660 2313 1727 Sall.
2350 1661 2492 1746 Iug.
2522 1662 2633 1745 89,
2672 1662 2713 1724 2
2761 1659 2833 1725 ob
2876 1680 3022 1725 suos

569 1772 874 1837 tutandos.
952 1770 1106 1853 102,
1156 1770 1236 1833 12
1283 1771 1354 1834 ob
1398 1790 1654 1852 reynum
1703 1769 2046 1833 tutandum.

1440 1926 1562 1981 111.
1611 1925 1812 1980 circa
1848 1925 2242 1995 praepositio.

746 2037 934 2103 Unus
991 2038 1203 2100 exstat
1256 2032 1425 2118 apud
1481 2033 1779 2098 Tacitum
1835 2035 2031 2100 locus.
2115 2034 2281 2100 Dial.
2328 2035 2412 2100 28
2478 2037 2551 2100 de
2602 2036 2921 2101 severitate
2970 2041 3026 2100 et

568 2146 902 2228 disciplina
946 2144 1257 2207 maiorum
1301 2144 1466 2207 circa
1510 2143 1854 2207 educandos
1894 2143 2371 2224 formandosque
2415 2143 2646 2207 liberos

1700 2358 1741 2436 ξ
1792 2355 1891 2418 14.

1561 2491 1659 2545 De
1705 2487 2023 2545 ablativo.

751 2626 1024 2691 Prorsus
1099 2624 1321 2689 eadem
1399 2623 1566 2687 ratio
1633 2627 1827 2707 atque
1891 2624 2030 2707 illa,
2105 2646 2297 2708 quam
2364 2622 2774 2688 antecedenti
2830 2644 3010 2706 para-

576 2733 823 2820 grapho
897 2732 1068 2795 inter
1127 2729 1565 2794 accusativum
1631 2728 1970 2814 gerundivi
2036 2734 2101 2794 et
2173 2730 2566 2795 substantivi
2629 2728 3013 2795 intercedere

575 2838 1026 2925 cognovimus,
1080 2836 1405 2899 invenitur
1451 2835 1517 2898 in
1566 2834 1869 2900 ablativo.
1951 2836 2150 2900 etiam
2203 2837 2365 2901 haec
2412 2837 2703 2920 exempla
2748 2836 3021 2900 nomini-

577 2948 699 3012 bus
747 2943 1093 3009 abstractis
1137 2941 1573 3008 circumscribi
1618 2945 1917 3026 possunt,
1963 2943 2033 3007 in
2070 2966 2197 3027 quo
2234 2943 2590 3008 notandum
2635 2942 2701 3007 id
2745 2965 2882 3008 non
2930 2964 3029 3007 so-

579 3053 714 3117 lum
762 3051 1037 3116 inveniri
1074 3053 1226 3135 post
1263 3048 1715 3114 antecedentes
1755 3050 2287 3134 praepositioneS,
2336 3049 2446 3113 sed
2496 3050 2690 3113 etiam
2726 3049 2840 3113 ubi
2880 3050 3030 3113 sim-

576 3161 724 3246 plex
771 3158 1094 3223 ablativus
1141 3155 1620 3220 instrumentali
1671 3155 1935 3219 notione
1984 3158 2096 3219 aut
2140 3154 2384 3219 modali
2428 3156 2648 3220 utitur.
2739 3155 2867 3219 duo
2905 3155 3031 3241 igi-

576 3272 682 3331 tur
739 3286 975 3351 genera
1029 3260 1484 3347 distinguenda
1539 3264 1716 3344 sunt,
1782 3266 1975 3343 prout
2030 3261 2349 3325 ablativus
2407 3262 2696 3346 sequitur
2751 3283 3026 3347 praepo-

579 3373 842 3437 sitiones
891 3375 1006 3435 aut
1053 3392 1244 3434 sensu
1289 3366 1763 3433 instrumentali
1808 3370 2172 3451 usurpatur.

967 3583 1043 3649 A.
1110 3584 1200 3647 De
1246 3578 1557 3647 Ablativo
1606 3579 1719 3661 qui
1765 3579 2058 3660 sequitur
2101 3579 2625 3663 praepositiones,

1492 3738 1548 3792 Ι.
1595 3736 1679 3791 (le
1715 3737 2112 3806 praepositio.

759 3851 910 3915 Tac.
972 3872 1116 3913 ann.
1172 3848 1262 3932 II,
1309 3849 1396 3912 32
1456 3847 1628 3928 facta
1692 3851 1750 3911 et
1810 3848 1883 3911 de
1944 3847 2390 3912 mathematicis
2453 3849 2765 3930 mayisque
2828 3848 3033 3913 Italia

573 3958 876 4043 pellendis
909 3960 1159 4021 senatus
1195 3953 1486 4019 consulta.
1551 3950 1636 4036 ΙΙ,
1668 3952 1754 4017 85
1790 3958 1995 4018 actum
2030 3959 2087 4018 et
2120 3956 2192 4019 de
2226 3956 2422 4020 sacris
2457 3954 2780 4037 Aeyyptiis
2807 3954 3033 4019 Iudai-

582 4068 782 4147 cisque
826 4062 1142 4145 pellendis.
1224 4058 1337 4143 IV,
1382 4060 1422 4123 9
1469 4062 1541 4125 de
1583 4060 1893 4125 reddenda
1944 4062 2269 4143 republica.
2358 4059 2473 4144 IV,
2525 4061 2603 4123 16
2659 4061 2731 4125 de
2773 4060 3034 4141 flamine

744 4169 1056 4250 .le9endo
1101 4166 1291 4233 simul
1333 4169 1610 4249 royanda
1654 4187 1817 4231 nova
1860 4168 2148 4232 disseruit
2190 4166 2437 4232 Caesar.
2531 4166 2647 4251 IV,
2692 4166 2780 4230 30
2825 4173 3032 4231 actum

582 4220 656 4341 de
688 4275 994 4358 praemiis
1037 4278 1460 4338 accusatorum
1513 4273 1842 4338 abolendis.
1934 4272 2059 4355 VI,
2104 4273 2191 4337 46
2255 4273 2554 4338 dubitavit
2606 4274 2677 4337 de
2730 4275 3031 4338 tradenda

581 4382 910 4465 republica.
987 4380 1111 4464 XI,
1149 4381 1232 4444 23
1277 4400 1418 4444 cum
1461 4381 1532 4444 de
1575 4380 1907 4461 supplaido
1950 4384 2169 4444 senatu
2213 4379 2567 4463 ayitaretur.
2641 4378 2799 4463 XII,
2828 4380 2913 4445 52
2958 4380 3031 4444 de

584 4488 1031 4554 mathematicis
1066 4488 1266 4552 Italia
1298 4488 1601 4568 pellendis
1635 4491 1885 4551 senatus
1920 4488 2261 4552 consultum
2296 4491 2491 4551 atrox.
2565 4485 2687 4571 XI,
2716 4430 2799 4551 61
2846 4491 3028 4551 rettu-

586 4597 663 4661 ut
705 4596 778 4661 de
820 4595 1212 4659 immunitate
1257 4592 1398 4659 eois
1443 4584 1782 4658 trauaida:
1864 4592 2051 4678 XIII,
2098 4594 2184 4657 34
2240 4594 2311 4658 de
2355 4593 2678 4659 obtinenda
2722 4572 3028 4659 Aimenia
