3303 5235
966 262 1052 319 De
1089 263 1512 338 participiorum
1549 283 1655 320 usu
1691 263 2033 321 attributiv0.
2640 265 2725 328 49

267 431 412 514 tur,
471 451 663 512 quam
731 429 1066 494 abstracta
1129 451 1282 495 usos
1339 451 1496 494 esse.
1578 429 1799 513 itaque
1864 430 2058 494 etiam
2118 431 2508 513 structurae,
2563 449 2726 512 quae

265 535 408 598 iam
457 536 913 620 explicabitur,
968 539 1201 601 natura
1247 535 1402 620 fert,
1447 540 1520 600 ut
1565 557 1640 601 eo
1690 534 1828 601 solo
1885 535 2147 619 linguae
2195 533 2466 599 Latinae
2515 533 2727 599 studio

265 641 728 727 perspiciatur,
775 642 1124 706 secundum
1165 642 1334 726 quod
1374 664 1491 726 pro
1530 642 1903 730 notionibus
1945 642 2083 707 sola
2121 641 2515 726 cogitatione
2563 641 2727 705 ortis

267 769 379 839 res
428 769 505 812 ex
552 748 697 832 ipsa
741 749 877 814 vita
930 748 1170 833 petitae
1227 751 1646 833 usurpantur,
1702 749 1798 813 ita
1846 748 2131 832 quidem,
2185 750 2261 811 ut
2302 769 2419 831 pro
2474 747 2569 810 rei
2615 746 2730 810 ali-

276 856 461 921 cuius
511 855 827 939 qualitate
873 877 1005 939 reS,
1064 856 1244 920 cuius
1293 856 1572 940 qualitas
1617 855 1884 939 propria
1929 859 2045 939 est,
2092 855 2237 939 ipsa
2284 853 2731 918 substituatur.

277 964 412 1027 iam
469 962 643 1047 quod
707 962 789 1027 ad
843 962 975 1026 vim
1040 961 1366 1026 idiomatis
1431 962 1620 1026 istius
1678 961 1983 1046 pertinet,
2042 962 2243 1027 robur
2297 960 2608 1026 orationis
2665 962 2732 1024 et

283 1070 572 1155 vigorem
629 1069 873 1152 optime
931 1091 1006 1133 eo
1054 1068 1401 1133 sustentari
1460 1069 1679 1152 liquet.
1763 1089 1963 1166 quare
2006 1089 2150 1132 cum
2209 1067 2470 1132 omnino
2516 1089 2730 1131 rerum

282 1180 614 1262 gestarum
697 1175 1044 1259 scriptores
1116 1174 1297 1239 illam
1373 1177 1771 1238 structuram.
1848 1174 2347 1257 amplectantur,
2437 1174 2732 1257 inprimis

283 1282 546 1348 Tacitus
601 1304 736 1346 non
780 1283 972 1347 modo
1021 1280 1306 1366 saepiuS‚
1364 1281 1476 1345 sed
1532 1281 1727 1345 etiam
1775 1281 2110 1345 subtiliore
2171 1300 2363 1362 quam
2410 1277 2524 1342 alii
2568 1279 2731 1343 fece-

283 1393 439 1454 runt
501 1389 792 1454 acumine
845 1392 911 1453 et
975 1388 1451 1453 admirabiliore
1517 1386 1839 1473 elegantia
1895 1386 1952 1451 ei
2015 1385 2303 1450 indulsit.
2392 1384 2460 1449 in
2526 1407 2732 1449 exem-

289 1496 416 1579 plis
489 1481 701 1559 autem
767 1495 1183 1579 disponendis
1249 1494 1813 1578 examinandisque
1870 1496 2115 1557 certum
2181 1493 2500 1578 quendam
2567 1492 2733 1557 ordi-

289 1623 437 1665 nem
511 1601 849 1667 observare
922 1623 1182 1666 necesse
1256 1604 1381 1681 est,
1453 1605 1526 1666 ut
1594 1623 1727 1666 non
1801 1600 1995 1665 modo
2064 1598 2335 1684 singulis
2408 1600 2734 1665 idiomatis

283 1709 459 1772 illius
516 1708 862 1793 generibus
919 1708 1260 1773 intellectis
1307 1709 1548 1773 idioma
1591 1707 1804 1791 ipsum
1854 1706 2085 1772 clarius
2132 1706 2569 1791 intellegatur,
2622 1707 2736 1770 sed

278 1816 480 1879 etiam
529 1817 887 1879 structurae
938 1816 1213 1880 historia
1260 1818 1633 1899 exponatur.
1717 1815 1811 1878 ita
1861 1813 2050 1878 simul
2099 1812 2465 1897 apparebit,
2512 1816 2735 1896 quate·

275 1937 404 1982 nus
471 1940 661 1983 usum
727 1921 913 1986 illum
977 1945 1016 1986 a
1081 1922 1516 2006 superioribus
1583 1920 2004 2004 scriptoribus
2058 1919 2190 1984 iam
2253 1919 2736 2004 frequentatum

275 2020 634 2090 Sallustius
699 2030 766 2090 et
818 2027 1102 2093 Velleius
1158 2031 1224 2092 et
1280 2027 1543 2093 Tacitus
1599 2027 1927 2092 variarint.
2018 2025 2089 2090 in
2152 2025 2524 2092 universum
2588 2046 2736 2089 eum

283 2129 582 2196 ordinem
648 2134 1132 2198 observabimus
1200 2156 1388 2219 quem
1452 2133 1779 2198 Luebbert
1832 2133 1871 2196 1.
1920 2132 1963 2195 l.
2027 2133 2337 2197 indicavit
2399 2137 2465 2198 et
2526 2133 2735 2216 primo

279 2237 549 2321 quidem
623 2239 766 2306 loco
832 2241 910 2305 de
976 2241 1059 2305 iis
1135 2241 1440 2325 exemplis
1507 2242 1894 2306 disseremus
1964 2261 2127 2323 quae
2199 2239 2610 2303 notissimum
2674 2241 2741 2302 et

285 2343 842 2428 simplicissimum
891 2347 1142 2412 dicendi
1191 2368 1395 2433 genus
1441 2369 1598 2432 prae
1638 2368 1707 2411 se
1742 2346 1975 2410 ferunt.
2021 2383 2109 2392 —
2155 2344 2253 2409 Ac
2298 2344 2741 2410 vetustissima

281 2451 498 2516 forma
550 2475 627 2517 ea
683 2475 822 2518 esse
888 2454 1168 2539 videtur,
1233 2476 1396 2539 quae
1451 2455 1551 2536 fit,
1609 2454 1663 2517 si
1722 2452 1905 2518 notio
1961 2452 2330 2536 praedicato
2395 2450 2736 2515 inhaerens

289 2558 494 2625 totius
557 2561 878 2626 enuntiati
942 2561 1182 2627 rationi
1235 2561 1406 2627 inest
1466 2583 1674 2647 neque
1733 2559 2055 2627 difficilius
2114 2581 2191 2624 ex
2255 2559 2368 2625 illa
2432 2556 2739 2643 suppleri,

281 2686 480 2749 quam
527 2667 722 2751 plane
761 2668 978 2732 omitti
1022 2672 1254 2752 potest.
1331 2670 1502 2755 quod
1547 2670 1615 2734 in
1653 2669 1733 2734 iis
1781 2669 2192 2753 potissimum
2233 2667 2538 2750 exemplis
2576 2665 2738 2729 acci·

275 2770 433 2836 dere
502 2774 698 2860 solet,
759 2776 871 2839 ubi
940 2776 1229 2841 subiecto
1297 2781 1525 2860 suapte
1591 2779 1828 2841 natura
1893 2775 2111 2860 aliqua
2161 2796 2307 2839 cum
2371 2771 2737 2857 praedicato

274 2881 653 2967 communio
711 2886 829 2947 est.
913 2883 1023 2947 sed
1072 2882 1414 2947 admodum
1470 2900 1648 2948 raro·
1673 2882 1835 2947 haec
1889 2880 2126 2965 forma,
2192 2902 2383 2964 quam
2441 2878 2739 2963 inprimis

275 2983 512 3050 Livius
551 2988 886 3071 amplexus
934 2992 1058 3073 est,
1106 2989 1274 3072 apud
1312 2988 1611 3053 Tacitum
1658 2988 2013 3071 invenitur,
2061 3008 2205 3053 cum
2253 3009 2292 3052 a
2332 2984 2628 3052 Sallustii
2674 2988 2741 3049 et

275 3089 498 3156 Vellei
563 3094 819 3177 scriptis
883 3116 1149 3179 prorsus
1215 3095 1428 3160 aliena
1491 3094 1594 3159 sit.
1696 3092 1775 3159 cf.
1842 3114 1988 3158 ann.
2043 3092 2104 3177 I,
2161 3094 2245 3158 59
2306 3094 2487 3175 fama
2552 3092 2741 3157 dediti

277 3196 652 3281 beniyneque
685 3203 916 3285 excepti
950 3202 1211 3285 Seyestis
1245 3202 1496 3285 vulyata
1542 3250 1558 3266 .
1594 3248 1610 3266 .
1648 3248 1665 3265 .
1703 3250 1718 3265 .
1762 3220 1867 3281 spe
1900 3199 1993 3264 vel
2028 3200 2230 3265 dolore
2265 3200 2579 3281 accipitur.
2652 3196 2739 3282 ΙΙ,

281 3303 374 3368 82
419 3305 589 3388 vulyi
631 3326 936 3374 sermones
978 3309 1199 3373 audita
1241 3329 1410 3374 mors
1451 3310 1601 3373 adeo
1653 3308 1941 3372 incendit.
2021 3306 2171 3371 hist.
2220 3304 2333 3389 IV,
2379 3305 2465 3369 54
2520 3305 2741 3369 andita

277 3430 454 3475 mors
494 3411 728 3478 Vitellii
762 3414 1183 3497 duplicaverat
1214 3414 1450 3480 bellum.
1504 3451 1572 3461 —
1614 3413 1977 3479 accuratius
2015 3412 2342 3477 examines
2381 3433 2529 3476 ann.
2568 3410 2619 3495 J,
2653 3411 2737 3475 59

279 3516 465 3596 fama
508 3520 698 3585 dediti
750 3520 1113 3603 beniyneque
1156 3521 1384 3603 excepti
1427 3519 1689 3604 Seyestis
1731 3520 1983 3602 vulgata
2027 3566 2043 3583 .
2082 3568 2095 3583 .
2136 3568 2149 3582 .
2187 3566 2201 3582 .
2255 3538 2360 3599 spe
2403 3518 2496 3582 vel
2536 3518 2742 3583 dolore

285 3625 606 3705 accipitur.
688 3627 760 3691 in
804 3626 928 3693 hoc
976 3627 1145 3691 enim
1193 3628 1483 3712 exemplo
1531 3626 1806 3692 subiecti
1854 3647 1997 3690 cum
2043 3625 2413 3709 praedicato
2462 3645 2739 3690 commu-

288 3730 400 3794 nio
437 3733 573 3795 tam
610 3736 754 3797 arta
790 3736 920 3817 est,
960 3736 1034 3798 ut
1069 3733 1226 3797 illud
1265 3734 1401 3801 sine
1439 3734 1794 3800 offensione
1831 3732 2045 3797 omitti
2083 3734 2330 3816 posset,
2373 3753 2526 3796 nam
2561 3732 2738 3797 fama

287 3857 421 3901 non
475 3838 602 3903 nisi
659 3840 992 3924 divulgata
1055 3861 1236 3922 spem
1292 3842 1390 3906 vel
1455 3842 1744 3907 dolorem
1800 3840 2191 3905 commoveri
2245 3860 2436 3921 posse
2500 3859 2615 3921 per
2669 3860 2737 3901 se

290 3946 488 4025 patet.
563 3966 682 4009 nec
730 3945 1073 4010 dissimilia
1119 3949 1298 4030 sunt,
1346 3969 1739 4032 quamquam
1786 3967 1903 4030 pro
1944 3945 2348 4011 substantivo
2385 3964 2739 4027 pronomen

293 4050 577 4131 positum
616 4055 741 4117 est:
785 4074 934 4117 ann.
961 4052 1022 4137 I,
1059 4054 1147 4117 24
1182 4052 1328 4118 haec
1362 4055 1581 4119 andita
1617 4103 1632 4117 .
1664 4103 1678 4118 .
1710 4102 1725 4118 .
1756 4103 1770 4117 .
1812 4053 2127 4118 Tiberium
2164 4051 2496 4133 perpulere.
2558 4048 2618 4133 I,
2655 4049 2742 4113 52

292 4158 586 4223 nuntiata
628 4178 703 4222 ea
751 4158 1066 4224 Tiberium
1113 4160 1351 4225 laetitia
1393 4180 1661 4243 curaque
1704 4159 1971 4241 affecere.

469 4264 682 4329 Aliter
767 4286 870 4329 res
954 4287 1092 4331 sese
1175 4266 1402 4352 habet,
1475 4268 1530 4332 si
1611 4267 1798 4332 nulla
1889 4264 2255 4330 communio
2342 4264 2512 4329 inter
2595 4262 2743 4327 sub-

291 4371 533 4437 iectum
614 4374 680 4435 et
765 4372 1207 4455 praedicatum
1285 4373 1628 4438 intercedit
1704 4374 1827 4457 ita,
1914 4377 1989 4437 ut
2074 4392 2207 4436 non
2285 4369 2478 4436 modo
2561 4369 2743 4435 notio

292 4478 645 4560 praedicati
691 4499 824 4542 non
871 4477 1028 4543 insit
1066 4479 1389 4563 subiect0,
1437 4480 1548 4543 sed
1583 4479 1707 4543 hoc
1747 4481 1829 4544 ab
1871 4479 1988 4543 illo
2026 4477 2384 4542 mutatione
2424 4475 2745 4561 significa-

291 4584 490 4649 tionis
557 4583 896 4667 afficiatur.
996 4585 1168 4670 quod
1235 4586 1290 4649 si
1358 4585 1618 4670 accidit,
1674 4585 1988 4670 qualitas,
2022 4605 2247 4668 quam
2301 4581 2743 4667 praedicatum

397 4699 572 4750 Eunu,
601 4698 655 4739 de
683 4698 1028 4747 participiorum
1056 4708 1154 4738 unu.
2285 4692 2321 4741 4
