3303 5235
651 308 778 372 134
1598 308 1893 378 Appendix
1928 307 2139 365 critica.

645 472 766 538 cile
813 472 1146 536 absorberi
1191 472 1495 555 potuerit.
1569 493 1801 538 sensus
1850 476 2069 538 autem
2116 475 2244 538 est:
2290 475 2593 557 quoniam
2642 474 2837 538 etiam
2881 496 3061 538 mores

647 582 1012 662 temporum
1057 578 1498 644 vicissitudine
1543 579 1902 644 necessario
1949 580 2187 645 mutari
2236 580 2475 664 solent,
2521 579 2644 644 hoc
2690 583 2907 643 tamen
2946 602 3060 664 spe-

645 685 921 750 randum
969 690 1071 750 est
1115 685 1279 769 fore,
1330 690 1404 749 ut
1446 686 1608 752 haec
1656 687 2011 752 certamina
2054 707 2211 772 erga
2258 687 2541 752 maiores
2586 687 2861 752 honesta
2901 687 3059 752 nobis

645 797 954 858 maneant
988 813 1150 862 neve
1181 814 1309 856 una
1337 815 1482 858 cum
1511 793 1739 858 ceteris
1767 793 1961 858 rebus
1990 796 2337 858 mutentur.
2368 829 2451 840 ——
2491 792 2633 857 Iam
2662 793 2833 877 quod
2858 793 2932 857 ad
2956 815 3059 857 ser-

643 921 900 964 monem
931 900 1166 966 attinet
1204 899 1445 983 aliquid
1477 899 1851 966 offensionis
1891 901 2129 966 habere
2166 901 2462 966 videntur
2499 899 2700 964 verba
2740 901 2819 964 in
2861 901 3059 964 maio-

641 1029 763 1072 res
794 1005 1244 1090 certamina,
1271 1028 1436 1090 quae
1463 1009 1789 1072 structura
1816 1029 2137 1093 nusquam
2167 1009 2323 1073 alibi
2350 1008 2739 1090 inveniatur,
2765 1029 2911 1071 nam
2936 1007 3059 1071 licet

642 1113 770 1178 loci
825 1116 1106 1196 exstent,
1159 1113 1272 1178 ubi
1325 1113 1788 1180 dissimilem
1844 1137 2011 1180 esse
2076 1116 2155 1180 in
2214 1115 2551 1198 aliquem
2614 1114 2717 1178 vel
2771 1135 2956 1178 nova
3000 1114 3059 1178 in

641 1219 970 1284 fratrum
1035 1219 1254 1284 filias
1327 1221 1690 1306 coniugia
1762 1221 2003 1288 dictum
2068 1226 2192 1305 est,
2266 1225 2485 1286 tamen
2558 1224 2939 1286 structuram
2999 1220 3059 1282 in

643 1327 974 1392 maiores
1005 1326 1431 1392 certamina
1459 1349 1600 1392 cum
1631 1350 1672 1392 a
1701 1327 1911 1394 Taciti
1938 1329 2181 1394 usitato
2213 1349 2525 1412 sermone,
2554 1331 2693 1394 tum
2722 1328 2803 1392 ab
2824 1327 3058 1392 aliorum

643 1434 1034 1517 scriptorum
1079 1434 1362 1504 alienam
1406 1435 1478 1498 in
1521 1437 1770 1499 textum
1818 1435 2100 1520 recipere
2142 1434 2329 1500 valde
2368 1435 2766 1519 dubitemne,
2809 1457 3060 1520 praeser-

643 1541 768 1606 tim
815 1563 962 1606 cum
1017 1563 1098 1606 ne
1137 1542 1414 1626 simplex
1461 1541 1721 1625 quidem
1759 1543 2029 1607 verbum
2077 1545 2379 1608 certare
2426 1565 2571 1607 cum
2616 1541 3059 1626 praepositione

645 1648 723 1712 in
771 1648 1185 1712 coniunctum
1233 1648 1404 1733 apud
1450 1648 1749 1714 Tacitum
1796 1650 2183 1715 inveniatur.
2268 1673 2465 1734 quare
2502 1648 2717 1714 Ritter
2763 1649 3058 1733 proposuit

643 1754 990 1820 lectionem
1029 1766 1420 1822 adversus
1457 1756 1821 1840 maiore8‚
1868 1757 1971 1822 cui
2009 1756 2385 1842 mutationi,
2421 1778 2565 1821 cum
2603 1755 2800 1820 nimis
2838 1778 2877 1818 a
2910 1757 3057 1818 textu

643 1862 1018 1947 abhorreat,
1064 1885 1200 1928 non
1243 1864 1650 1928 assentimur.

823 1969 958 2034 Iam
1001 1969 1153 2052 quid
1201 1970 1278 2033 de
1313 1968 1714 2053 Nipperdeyi
1760 1971 2122 2034 mutatione
2160 1970 2570 2036 iudicandum
2618 1970 2708 2034 sit
2750 1969 3059 2034 videamus

644 2075 1088 2160 patrocinatur
1153 2077 1326 2142 enim
1391 2076 1683 2159 lectioni,
1749 2099 1915 2160 quae
1974 2099 2183 2161 neque
2238 2076 2408 2142 alius
2476 2075 2811 2142 cuiusdam
2863 2075 3056 2140 nititur

643 2183 966 2248 sententia
1001 2205 1208 2268 neque
1245 2183 1362 2248 ulli
1399 2183 1510 2248 alii
1548 2185 1971 2267 comprobata
2008 2188 2134 2248 est:
2184 2205 2441 2248 verum
2489 2184 2676 2247 haec
2713 2204 2857 2278 nos
2892 2180 3054 2266 (imi-

640 2290 881 2356 tanda
927 2291 1264 2374 posteris
1322 2289 1710 2375 tulimus);
1765 2291 1993 2356 nobis
2050 2290 2383 2356 maiores
2438 2288 2854 2377 (imitanda
2896 2291 3057 2354 tule-

641 2395 874 2480 runt):
921 2399 1348 2464 certamina
1383 2419 1470 2461 ex
1515 2398 1846 2464 honesto
1895 2402 2275 2462 maneant.
2359 2397 2681 2483 permulta
2728 2401 2879 2461 sunt
2924 2416 3053 2480 quae

643 2508 873 2570 contra
919 2505 1044 2570 dici
1099 2509 1375 2590 possunt
1419 2509 1836 2590 argumenta,
1890 2505 2171 2570 sufficiat
2216 2527 2417 2569 unum
2465 2504 2833 2588 protulisse.
2900 2501 3051 2567 offen·

647 2611 922 2677 dendum
961 2613 1134 2678 enim
1173 2616 1273 2677 est
1317 2613 1386 2677 in
1425 2614 1744 2679 enuntiati
1789 2636 2051 2679 verum
2096 2613 2281 2679 haec
2324 2634 2463 2677 nos
2506 2608 2845 2697 (imitanda
2873 2611 3060 2693 poste·

643 2720 732 2784 ris
796 2719 1096 2805 tulimus)
1161 2721 1538 2803 pronomine
1603 2720 1820 2804 baec,
1885 2722 2055 2806 quod
2101 2718 2513 2804 Nipperdeyo
2578 2718 2783 2783 iudice
2842 2712 3058 2798 aliquid

645 2826 995 2911 significat,
1041 2826 1212 2909 quod
1259 2827 1484 2910 nequit
1530 2827 1915 2911 significare.
1992 2828 2047 2893 si
2092 2828 2264 2892 enim
2311 2846 2539 2894 revera
2575 2824 2837 2889 Tacitus
2882 2820 3058 2885 dicere

648 2932 855 2999 voluit
917 2954 1178 2998 verum
1243 2932 1428 2998 baec
1482 2934 2061 3000 nos--imitanda
2114 2932 2461 3018 posteris
2517 2932 2865 3014 tulimus,
2915 2924 3054 2991 haud

648 3040 840 3105 dubie
898 3062 1120 3105 earum
1174 3062 1420 3125 rerum,
1485 3062 1647 3125 quae
1706 3041 2037 3126 scriptoris
2094 3041 2296 3105 aetati
2353 3060 2641 3105 summae
2697 3036 2869 3102 laudi
2916 3036 3059 3115 sunt,

645 3146 1039 3211 mentionem
1099 3147 1312 3213 facere
1376 3147 1687 3211 debuerat
1751 3170 1959 3232 neque
2024 3148 2263 3212 sufficit
2325 3147 2396 3211 in
2454 3146 2829 3209 universum
2884 3141 3059 3205 dicere

643 3253 852 3319 multa
887 3253 1096 3318 laudis
1135 3256 1202 3317 et
1239 3252 1476 3318 artium
1514 3252 1830 3317 imitanda
1864 3254 2143 3337 posteris
2182 3256 2465 3318 aetatem
2501 3251 2747 3317 tulisse.
2812 3251 2883 3314 fit
2915 3248 3055 3313 enim

623 3360 861 3424 nescio
902 3381 1028 3442 quo
1067 3362 1285 3442 pacto,
1332 3362 1407 3423 ut
1441 3356 1843 3443 Nipperdeyi
1879 3359 2225 3426 lectionem
2262 3382 2521 3423 verum
2556 3357 2746 3422 haec
2780 3379 2913 3422 nos
2950 3355 3055 3439 (im.

553 3490 556 3497 ·
644 3491 707 3552 p.
745 3463 889 3553 tul.)
937 3467 1344 3551 perlegentes
1393 3487 1804 3551 quaeramus,
1850 3466 2002 3551 quid
2042 3467 2127 3531 sit
2163 3466 2335 3549 quod
2382 3465 2650 3531 tulerint
2696 3468 2763 3529 et
2808 3486 2914 3529 cur
2958 3481 3059 3526 non

650 3573 932 3639 sufficiat
986 3573 1159 3657 quod
1208 3572 1466 3637 dicitur:
1515 3575 1725 3639 multa
1770 3574 1977 3639 laudis
2014 3578 2082 3638 et
2118 3573 2355 3639 artium
2400 3572 2739 3638 imitanda.
2815 3575 3059 3635 ceterum

647 3679 1022 3763 Nipperdey
1077 3700 1330 3764 quoque
1387 3680 1626 3745 abusus
1686 3704 1825 3746 esse
1891 3685 1963 3745 ut
2014 3681 2108 3744 ita
2162 3680 2371 3747 dicam
2427 3678 2727 3743 Tacitina
2781 3677 3063 3743 brevitate

653 3787 922 3852 videtur.
996 3807 1146 3850 nam
1195 3787 1626 3870 enuntiatum,
1684 3788 1854 3872 quod
1899 3809 1976 3851 ex
2021 3788 2235 3853 verbis
2285 3791 2422 3853 tam
2478 3787 2752 3870 abrupte
2805 3786 2967 3849 inter
3012 3800 3065 3843 se

651 3893 1030 3976 compositis
1077 3896 1337 3958 constat
1383 3897 1449 3957 et
1493 3916 1626 3957 non
1672 3895 1800 3958 nisi
1847 3897 1949 3959 tot
1994 3894 2331 3979 ellipsibus
2380 3892 2689 3977 explicari
2733 3893 2944 3976 potest
2983 3882 3060 3949 vel

645 4024 684 4065 a
719 3999 931 4065 Taciti
969 4020 1263 4065 sermone
1303 4000 1626 4065 abhorret.
1670 4036 1745 4047 -
1787 3998 2013 4084 Neque
2052 4000 2263 4064 minus
2301 4000 2793 4084 comprobemus
2829 3992 3062 4062 Ioannis

643 4105 1000 4191 Muelleri²)
1067 4107 1533 4191 coniecturam,
1607 4128 1685 4171 ex
1748 4129 1875 4191 qua
1940 4130 2065 4171 vox
2138 4107 2466 4171 maiores
2541 4103 2879 4188 supposita
2936 4116 3063 4165 voce

646 4216 1075 4281 animorum
1122 4214 1387 4279 deletur.
1451 4236 1605 4278 nam
1654 4236 1881 4279 sensus
1912 4236 2101 4297 quem
2142 4214 2239 4278 vir
2275 4214 2395 4278 ille
2416 4212 2829 4279 doctissimus
2867 4210 3061 4273 nostro

645 4324 787 4385 loco
840 4322 1040 4385 infert
1092 4321 1288 4385 nimis
1345 4321 1669 4405 generalis
1718 4324 1843 4405 est,
1900 4342 2095 4404 quam
2150 4324 2225 4384 ut
2278 4320 2548 4385 consilio
2606 4318 2939 4403 scriptoris
2988 4332 3064 4375 re-

648 4427 958 4511 spondere
1006 4448 1150 4490 eum
1198 4428 1554 4492 veresimile
1603 4428 1705 4491 sit.

795 4656 850 4723 1)
887 4651 1146 4731 l}eitr²‹i.ge
1184 4672 1281 4707 zur
1316 4654 1634 4725 Erklarung
1670 4655 1784 4709 und
1820 4654 2010 4709 Kritik
2050 4654 2148 4708 des
2184 4654 2425 4709 Tacitus.
2482 4656 2583 4723 ΙΙΙ,
2620 4672 2673 4724 p.
2715 4661 2795 4709 34.
