3303 5235
738 311 916 382 Caput
953 313 1045 367 IV.
1103 313 1186 368 'De
1223 314 1646 384 participiorum
1684 334 1787 370 usu
1823 316 2224 386 praedicativo.
2623 319 2704 383 73

1253 676 1530 770 Caput
1583 678 1713 751 IV.

792 817 880 891 De
935 822 1452 911 participiorum
1507 843 1635 893 usu
1691 825 2176 913 praedicativo.

1381 1015 1420 1093 g
1471 1013 1570 1078 15.

591 1145 688 1198 De
733 1144 1100 1215 participiis
1147 1147 1664 1202 enuntiatorum
1708 1147 1856 1204 vice
1902 1147 2367 1216 fungentibus.

266 1294 345 1362 Α.
409 1295 499 1357 De
536 1294 884 1378 participio
921 1294 1130 1360 futuri
1167 1296 1373 1362 activi
1414 1297 1552 1363 loco
1590 1298 1916 1363 enuntiati
1952 1299 2315 1365 secundarii
2351 1301 2681 1383 usurpato.

431 1435 606 1500 Usus
653 1438 980 1522 participii
1023 1439 1227 1503 futuri
1273 1441 1464 1505 activi
1511 1441 1719 1525 qualis
1768 1445 2034 1524 apparet
2091 1443 2260 1526 apud
2301 1441 2704 1529 Sallustium,

245 1543 602 1628 Velleium,
664 1544 960 1608 Tacitum
1005 1547 1239 1609 mirum
1286 1547 1356 1610 in
1402 1546 1663 1611 modum
1712 1547 2006 1631 fluctuat,
2054 1549 2109 1612 si
2156 1571 2301 1614 eum
2350 1550 2699 1614 contuleris

245 1671 396 1712 cum
456 1651 730 1715 aliorum
787 1652 1176 1735 scriptorum
1232 1651 1484 1717 dicendi
1543 1652 2023 1720 consuetudine.
2108 1659 2303 1740 atque
2353 1656 2699 1721 secundum

239 1757 700 1842 pervulgatam
756 1757 868 1822 sed
929 1758 1165 1822 falsam
1233 1760 1618 1824 sententiam
1675 1761 2018 1844 participio
2074 1762 2191 1826 fut.
2239 1765 2359 1827 act.
2408 1784 2445 1825 a
2512 1761 2695 1828 Livio

243 1863 458 1946 primo
515 1863 733 1927 finalis
791 1863 1181 1948 significatio
1239 1865 1627 1945 vindicatur,
1685 1889 1847 1952 quae
1910 1868 2129 1952 opinio
2192 1891 2268 1932 ex
2330 1870 2699 1953 grammati-

241 1992 470 2034 corum
489 1966 538 2053 ¹)
586 1968 822 2033 iudicio
869 1972 961 2033 ita
1009 1971 1393 2054 corrigenda
1440 1976 1592 2056 est,·
1619 1976 1693 2036 ut
1750 1976 2072 2038 statuatur
2116 1975 2531 2060 participium
2578 1975 2695 2040 fut.

241 2080 368 2140 act.
437 2073 608 2159 apud
675 2073 1051 2141 Ciceronem
1127 2079 1448 2142 enuntiati
1513 2081 1870 2144 secundarii
1936 2085 2153 2166 partes
2228 2082 2492 2147 omnino
2564 2105 2700 2147 non

242 2185 626 2268 suscepisse.
733 2184 894 2249 haec
979 2208 1081 2249 res
1177 2185 1258 2249 ad
1343 2189 1546 2249 artem
1644 2188 2137 2270 grammaticam
2229 2189 2468 2253 rectius
2553 2210 2695 2273 per-

242 2290 641 2375 spiciendam
712 2290 888 2355 haud
933 2287 1117 2355 'sane
1181 2271 1426 2355 nullius
1499 2293 1813 2356 momenti
1878 2294 2046 2378 quod
2113 2317 2151 2358 a
2210 2294 2493 2378 Bergero
2556 2293 2699 2359 Stil.

245 2399 386 2462 Lat.
433 2398 728 2482 neglecta
761 2397 899 2481 sit,
954 2394 1308 2483 Draeger2)
1369 2397 1505 2460 iure
1552 2396 1971 2483 vituperavit,
2028 2399 2140 2464 sed
2195 2399 2263 2463 in
2321 2422 2437 2464 suo
2492 2402 2696 2484 ipsius

247 2503 468 2566 libello
509 2504 761 2567 utinam
799 2504 1028 2568 melius
1068 2506 1131 2568 et
1171 2504 1526 2568 accuratius
1563 2503 1689 2568 hoc
1724 2504 1967 2569 idioma
2001 2509 2369 2571 tractasset!
2444 2510 2695 2571 tantam

248 2610 418 2674 enim
473 2609 856 2674 varietatem
909 2609 1170 2674 Tacitus
1225 2611 1294 2674 in
1361 2610 1704 2695 participio
1761 2612 1880 2678 fut.
1938 2616 2058 2678 act.
2114 2614 2485 2697 usurpando
2540 2637 2696 2698 prae

241 2740 314 2781 se
370 2718 524 2800 fert,
578 2720 652 2780 ut
705 2739 858 2781 usus
924 2739 1186 2803 prorsus
1247 2739 1380 2805 non
1440 2717 1738 2783 definitus
1784 2720 1887 2804 sit,
1934 2742 2079 2784 cum
2138 2720 2302 2783 nihil
2361 2720 2533 2787 aliud
2596 2743 2695 2786 ex-

235 2827 552 2907 ponatur,
598 2846 792 2907 quam
841 2826 912 2887 ut
959 2824 1128 2907 apud
1176 2824 1474 2888 Tacitum
1519 2826 1683 2890 illud
1730 2827 2143 2910 participium
2190 2827 2327 2891 vice
2376 2830 2695 2895 enuntiati

237 2930 607 2995 secundarii
662 2930 851 3014 fungi
898 2930 1164 2994 dicatur.
1239 2932 1681 3013 quaestionem
1739 2936 1955 2997 autem
2003 2955 2115 2998 cur
2171 2935 2340 3017 apud
2388 2936 2694 3001 classicos

237 3036 590 3119 scriptores
646 3058 800 3099 usus
865 3035 1193 3119 participii
1246 3036 1365 3099 fut.
1422 3040 1544 3101 act.
1600 3036 1841 3101 finibus
1900 3042 2036 3102 tam
2094 3041 2483 3104 circumcisis
2546 3063 2693 3106 con-

234 3144 526 3205 tineatur
571 3143 626 3205 is
673 3141 861 3206 facile
910 3142 1256 3206 diiudicare
1301 3143 1569 3225 poterit,
1617 3144 1728 3227 qui
1773 3166 1904 3208 non
1943 3145 2203 3229 ignoret
2240 3168 2469 3210 aureae
2520 3151 2691 3211 aeta-

235 3249 326 3311 tis
375 3248 726 3332 scriptores
783 3249 1098 3313 sermonis
1155 3249 1496 3313 distinctae
1552 3251 1881 3335 brevitati,
1928 3253 2031 3316 cui
2078 3253 2449 3317 efficiendae
2495 3255 2694 3337 parti-

237 3355 412 3437 cipia
456 3355 766 3419 inservire
812 3359 1085 3437 constat,
1132 3357 1395 3419 omnino
1444 3356 1656 3420 minus
1697 3380 1888 3442 quam
1938 3361 2282 3443 argenteae
2320 3359 2692 3446 indulsisse,

236 3468 526 3526 ceterum
572 3465 720 3525 utut
765 3466 888 3545 est,
948 3461 1239 3547 Draeger
1283 3484 1502 3527 veram
1559 3486 1819 3528 causam
1876 3466 2196 3529 invenisse
2252 3487 2384 3529 non
2440 3466 2691 3532 videtur

237 3570 518 3651 opinans
578 3568 948 3633 liberiorem
1008 3569 1192 3632 illum
1251 3592 1439 3633 usum
1500 3592 1538 3633 a
1598 3568 1905 3635 Cicerone
1965 3575 2229 3656 propter
2285 3572 2693 3657 multifariaS‚

237 3698 404 3760 quas
457 3674 874 3757 participium
931 3674 1046 3739 fut.
1106 3679 1226 3741 act.
1283 3676 1604 3759 suscipere
1663 3677 1894 3760 possit,
1961 3680 2279 3744 enuntiati
2336 3682 2694 3746 secundarii

235 3785 455 3867 partes
501 3780 910 3863 repudiatum
949 3804 1103 3845 esse.
1160 3783 1488 3846 existimat
1524 3783 1725 3867 igitur
1764 3781 2137 3852 Ciceronem
2184 3808 2441 3850 omnem
2489 3790 2689 3853 ambi-

237 3890 554 3974 guitatem
595 3888 798 3953 vitare
828 3888 1128 3973 voluisse,
1166 3889 1278 3952 sed
1308 3888 1435 3953 dici
1472 3891 1714 3973 nequit,
1755 3914 1948 3975 quam
1986 3891 2053 3956 id
2091 3892 2328 3956 falsum
2369 3894 2471 3958 sit.
2535 3917 2690 3959 nam

237 4018 314 4059 ex
356 3998 606 4060 attenta
652 3993 1159 4077 perlustratione
1199 3996 1485 4060 omnium
1525 4018 1873 4083 eorumque
1914 4000 2485 4064 audacissimorum
2526 4024 2690 4085 quae

236 4102 410 4166 infra
448 4102 1097 4167 commemorabimus
1136 4103 1573 4186 exemplorum
1621 4103 1865 4187 liquido
1916 4106 2255 4190 apparebit
2300 4108 2683 4174 varietatem

233 4208 414 4273 illam
482 4207 983 4293 significationis
1048 4231 1179 4273 non
1245 4212 1382 4273 tam
1448 4209 1515 4272 in
1579 4212 1924 4297 participio
1990 4213 2269 4296 positam
2331 4236 2469 4277 esse
2526 4215 2688 4300 ipso,

238 4339 436 4399 quam
491 4314 696 4379 totius
753 4316 1068 4380 enuntiati
1122 4315 1360 4380 rationi
1417 4315 1749 4380 inhaerere
1799 4321 1864 4383 et
1918 4342 1995 4383 ex
2042 4340 2118 4383 ea
2162 4319 2229 4383 in
2275 4320 2686 4403 participium

381 4562 434 4629 1)
471 4560 778 4629 Kuehnast‚
814 4560 932 4615 Liv.
973 4563 1118 4629 synt.
1156 4562 1208 4615 H
1244 4580 1299 4631 p.
1337 4568 1458 4615 267.

275 4667 289 4675 ·
379 4652 436 4719 2)
477 4648 740 4706 Zeitschr.
779 4651 872 4703 fiir
909 4649 1250 4720 Gymnasial.
1289 4656 1444 4719 1866,
1479 4668 1534 4722 p.
1577 4656 1694 4707 196.
