3303 5235
1016 331 1098 384 De
1135 328 1421 400 participii
1457 331 1660 384 natura
1694 329 1979 385 nominali.
2556 349 2563 355 ·
2623 331 2712 395 25

263 501 540 582 habent,
585 495 758 583 quod
796 516 922 580 quo
969 495 1107 558 iure
1143 493 1414 558 fecerint
1459 515 1722 578 prorsus
1767 515 1903 558 non
1938 494 2359 580 intellegitur.
2432 494 2717 560 confera-

267 629 411 670 mus
449 605 595 670 Tac.
634 603 792 689 Agr.
837 603 868 667 1
881 602 912 666 1
961 603 1032 666 in
1073 603 1426 666 universum
1470 601 1829 665 aestimanti
1864 599 2083 666 Gallos
2124 603 2393 667 vicinam
2437 602 2715 666 insulam

267 733 584 794 occupasse
627 711 908 776 credibile
950 713 1052 792 est,
1142 708 1315 772 haud
1371 708 1562 771 dubie
1606 707 1776 772 ratio
1825 708 2279 792 grammatica,
2334 730 2497 792 quae
2542 709 2711 773 inter
2745 746 2758 758 ·

267 819 556 884 dativum
601 817 1067 884 aestimantibus
1111 819 1178 880 et
1223 817 1468 880 ceteras
1515 813 1837 879 enuntiati
1880 816 2099 898 partes
2146 815 2510 898 intercedit,
2555 816 2715 881 haec

269 928 398 990 est:
470 947 634 1010 quae
698 912 909 990 verbis
975 921 1195 988 Gallos
1250 923 1520 986 vicinam
1583 921 1859 985 insulam
1914 905 2239 1002 occupasse
2294 922 2575 987 credibile
2633 927 2724 988 est

268 1032 707 1116 continentur,
755 1032 888 1095 eius
933 1032 1189 1094 tantum
1234 1028 1470 1093 iudicio
1509 1049 1661 1092 vera
1700 1030 1765 1092 et
1806 1028 2169 1112 probabilia
2208 1049 2347 1094 esse
2394 1030 2715 1114 dicuntur,

268 1139 379 1223 qui
423 1159 561 1201 rem
606 1138 675 1202 in
720 1137 1091 1202 universum
1139 1135 1453 1218 aestimat.
1524 1135 1743 1223 itaque
1789 1156 1935 1198 cum
1979 1134 2215 1198 idioma
2260 1134 2432 1198 istud
2482 1156 2559 1198 ex
2606 1157 2715 1221 ge-

263 1244 468 1308 nuina
533 1245 733 1309 dativi
794 1244 1059 1309 notione
1123 1242 1365 1327 optime
1421 1240 1727 1324 explicari
1786 1240 1999 1324 possit
2053 1262 2260 1325 neque
2318 1241 2398 1304 ab
2463 1243 2717 1327 vulgari

267 1350 475 1414 dativi
530 1373 653 1415 usu
697 1351 829 1415 ullo
878 1349 1068 1413 modo
1126 1348 1404 1432 differat,
1458 1348 1749 1431 profecto
1795 1369 1929 1412 non
1976 1349 2100 1432 est,
2156 1368 2293 1411 cur·
2321 1369 2439 1431 pro
2497 1347 2714 1413 dativo

273 1457 575 1521 absoluto
611 1457 871 1520 habeas,
883 1453 932 1540 1)
1008 1456 1078 1519 in
1115 1453 1562 1519 Germanicam
1601 1457 1815 1518 autem
1852 1454 2145 1539 linguam
2183 1454 2342 1518 talia
2377 1455 2719 1538 participia

270 1585 404 1626 non
470 1563 740 1626 absurde
803 1566 1018 1628 vertas
1084 1585 1198 1646 per
1260 1561 1654 1626 locutionem
1719 1583 1886 1626 vom
1960 1560 2501 1644 standpunkte
2566 1584 2719 1626 auS.

269 1669 435 1733 sicut
481 1669 626 1734 Tac.
667 1669 882 1754 Agric.
927 1669 1036 1735 11:
1081 1671 1152 1734 in
1195 1669 1552 1733 universum
1595 1667 1954 1732 aestimanti
2000 1689 2103 1751 qu.
2143 1689 2191 1732 8.
2238 1688 2405 1731 vom
2454 1667 2717 1731 stand·

264 1777 559 1860 punkte
591 1776 719 1840 des
757 1777 954 1840 nach
993 1774 1510 1862 allgemeinen
1547 1774 2250 1859 gesichtspunkten
2287 1774 2716 1839 urtheilen-

267 1880 407 1944 den
453 1881 564 1946 ist
609 1905 688 1947 es
735 1881 1142 1968 g'laublich
1187 1883 1362 1946 dass
1411 1904 1524 1965 (111.
1573 1903 1620 1946 8.

445 1985 543 2052 Αο
613 1989 880 2053 Tacitus
943 1989 1202 2073 quidem
1265 1988 1434 2052 inter
1494 2009 1631 2071 eos,
1706 1987 1816 2070 qui
1878 1987 2050 2051 hunc
2113 2009 2304 2051 usum
2368 1988 2718 2068 excoluere,

271 2095 699 2178 principalem
757 2097 969 2160 locum
1016 2095 1296 2179 obtinet,
1352 2095 1586 2179 quippe
1644 2093 1755 2178 qui
1802 2116 1947 2158 cum
1994 2115 2217 2158 omnes
2266 2093 2714 2158 antecedentes

275 2201 621 2283 scriptores
664 2202 788 2266 hoc
827 2202 1046 2268 dativo
1084 2225 1220 2268 11011
1255 2201 1383 2266 11181
1422 2201 1502 2265 ad
1539 2201 1827 2264 rationes
1864 2201 2019 2265 loci
2058 2200 2575 2264 determinandas
2614 2202 2717 2266 1181

273 2305 407 2370 sint
459 2304 770 2392 (exceptis
827 2308 998 2373 Livii
1050 2310 1211 2375 10018
1257 2307 1344 2392 Χ,
1391 2309 1505 2390 303
1563 2305 1811 2387 XXVI,
1858 2306 1973 2389 243
2020 2304 2365 2390 XXXVII,
2412 2305 2527 2390 58)
2585 2307 2714 2389 pri-

271 2435 414 2477 mus
469 2413 590 2478 hos
647 2413 804 2480 fines
864 2437 1160 2502 egressus
1207 2413 1687 2500 elegantissime
1712 2449 1715 2452 ⁴
1744 2411 2166 2496 amplificarit.
2258 2409 2605 2478 Sallustius
2651 2417 2719 2478 et

272 2518 560 2584 Velleius
604 2525 900 2586 neutram
949 2523 1227 2607 speciem
1274 2520 1688 2586 admiserunt.

446 2626 830 2711 Priusquam
859 2630 940 2694 ad
961 2638 1256 2707 genetivi
1283 2650 1468 2693 casus
1499 2627 1799 2711 syntaxin
1827 2627 2397 2711 transgrediamur,
2428 2629 2561 2691 tres
2589 2626 2719 2691 loci

266 2731 674 2818 proponendi
711 2737 892 2818 sunt,
939 2735 1053 2799 ubi
1090 2736 1343 2800 dativus
1382 2736 1453 2799 in
1490 2735 1705 2799 locum
1742 2734 2013 2798 ablativi
2050 2756 2195 2799 cum
2230 2734 2710 2817 praepositione

269 2840 358 2903 ab
417 2840 745 2905 coniuncti
791 2842 1180 2906 substitutus
1229 2844 1352 2924 est,
1413 2860 1602 2925 quem
1661 2861 1850 2903 usum
1906 2860 1984 2903 ex
2040 2839 2332 2925 legitima
2389 2844 2720 2905 structura

270 2946 599 3030 participii
643 2946 763 3011 fut.
810 2957 976 3030 pass.
1033 2970 1177 3012 cum
1224 2947 1444 3011 dativo
1500 2968 1815 3031 personae
1860 2947 2185 3011 coniuncti
2235 2943 2425 3032 (mihi
2470 2947 2714 3031 aliquid

270 3054 723 3135 perficiendum
768 3051 894 3140 est)
951 3056 1209 3120 initium
1264 3054 1509 3137 cepisse
1563 3053 1913 3118 verisimile
1968 3056 2084 3118 est.
2177 3054 2473 3137 exempla
2530 3056 2713 3117 sunt:

273 3158 420 3222 Tac.
453 3159 605 3225 hist.
641 3159 701 3245 I,
743 3161 850 3225 14:
896 3182 970 3226 ex
1013 3163 1434 3227 aestimatione
1467 3165 1633 3225 reeta
1676 3180 1915 3225 severus
1950 3161 2211 3224 deterius
2255 3161 2708 3241 interpretanti-

276 3264 386 3329 bus
432 3266 664 3331 tristior
705 3267 1054 3333 habebatur.
1127 3267 1252 3352 III,
1291 3268 1402 3333 65:
1453 3267 1651 3332 voltus
1688 3266 1905 3348 procul
1948 3266 2277 3331 visentibus
2320 3266 2711 3331 notabantur.

273 3370 347 3455 V,
380 3372 448 3436 7:
487 3375 788 3439 modicum
824 3375 895 3439 iol
928 3375 1075 3439 litus
1110 3380 1168 3439 et
1212 3373 1579 3457 eyerentibus
1623 3372 2073 3438 inexhaustum.
2084 3368 2137 3455 ²)
2212 3371 2409 3435 etiam
2447 3371 2527 3435 ad
2566 3372 2716 3435 sub-

422 3603 470 3669 1.)
509 3601 744 3656 Dativus
781 3601 830 3656 is
859 3604 969 3671 est,
1009 3618 1174 3670 quem
1209 3620 1311 3657 nos
1346 3618 1610 3656 vocamus
1641 3600 1863 3654 dativus
1894 3599 1991 3653 des
2028 3600 2352 3667 interesses,
2392 3598 2546 3653 cuiun
2583 3618 2715 3654 usus

279 3688 522 3757 speciem
561 3689 788 3743 exhibet
826 3690 1048 3745 dativus
1087 3691 1365 3746 commodi
1400 3691 1492 3745 vel
1526 3688 1882 3744 incommodi.

415 3776 597 3841 Quam
635 3775 806 3831 dubia
832 3778 941 3832 fide
969 3779 1218 3848 Draeger
1253 3780 1398 3834 hanc
1436 3796 1553 3833 rem
1584 3778 1863 3844 tractarit,
1900 3793 1968 3831 ex
2004 3778 2185 3835 forma
2220 3777 2713 3847 reputantibus

271 3861 420 3931 (hist.
459 3865 536 3933 II,
577 3868 666 3935 50)
706 3866 942 3937 efficias,
983 3886 1151 3936 quam
1190 3867 1312 3921 Stil.
1352 3868 1478 3922 Tac.
1519 3873 1549 3933 ξ
1579 3866 1723 3921 212¹)
1760 3866 2072 3921 ablativum
2109 3866 2453 3935 absolutum,
2490 3868 2551 3919 at
2586 3871 2615 3931 ὅ
2646 3870 2713 3919 50

270 3952 524 4006 dativum
561 3953 883 4009 absolutum
921 3973 1038 4011 0880
1076 3957 1260 4012 docet.

413 4043 468 4108 2)
506 4041 710 4096 Procul
749 4043 918 4097 dubio
957 4043 1442 4097 inexhaustum
1487 4043 1792 4113 significat,
1844 4043 1995 4111 quod
2032 4042 2313 4096 exhauriri
2359 4059 2471 4096 non
2506 4042 2712 4111 potest.

277 4144 388 4195 qua
425 4128 715 4183 occasione
756 4130 825 4183 de
864 4130 934 4184 iis
971 4131 1282 4201 participiis
1319 4131 1556 4200 perfecti
1590 4130 1804 4200 passivi
1841 4147 2023 4200 pauca
2058 4130 2347 4197 addamus,
2384 4147 2546 4198 quae,
2586 4148 2713 4185 cum

274 4216 530 4285 deposita
564 4218 858 4287 praeteriti
894 4220 1164 4289 temporis
1203 4220 1609 4289 significatione
1655 4219 1738 4273 rei
1775 4219 2009 4274 alicuius
2048 4220 2257 4273 statum
2293 4207 2716 4288 permanentem

275 4304 588 4375 designent,
625 4307 686 4361 in
721 4307 1008 4362 notionem
1046 4308 1450 4363 adiectivorum
1486 4308 1553 4361 111-
1581 4309 1699 4362 -ilis
1737 4307 2110 4361 desinentium
2145 4308 2500 4364 transierunt.
2546 4311 2716 4377 atque

272 4392 434 4447 huius
471 4410 604 4447 usus
642 4411 869 4448 causam
905 4398 1065 4465 patet
1100 4398 1346 4465 positam
1383 4412 1501 4451 esse
1539 4396 1598 4450 in
1627 4396 1830 4466 exiguo
1866 4412 2095 4450 numero
2124 4396 2557 4467 adiectivorum,
2595 4399 2715 4465 qui-

269 4480 368 4535 bus
406 4482 690 4563 indicatur
725 4500 844 4537 rem
871 4485 1119 4553 aliquam
1147 4484 1293 4539 effici
1329 4501 1518 4554 posse,
1557 4501 1792 4553 quorum
1828 4502 1863 4538 a
1890 4483 2253 4553 scriptoribus
2284 4486 2715 4540 christianorum

271 4587 412 4637 quae
450 4573 726 4625 vocantur
763 4574 1113 4628 saeculorum
1157 4591 1421 4643 magnam
1457 4573 1876 4627 multitudinem
1920 4574 2272 4641 procreatam
2310 4590 2431 4628 esse
2478 4576 2713 4631 constat.

269 4658 450 4727 prima
498 4660 664 4717 huius
712 4678 842 4715 usus
891 4661 1272 4732 amplificandi
1325 4662 1490 4717 initia
1533 4662 1648 4716 iam
1694 4661 1843 4729 apud
1891 4659 2167 4714 Velleium
2220 4660 2579 4717 inveniuntur
2624 4663 2713 4732 (cf.
