3303 5235
603 279 731 343 120
1682 279 1865 351 Caput.
1900 281 1967 338 V.

595 443 823 508 dantis.
915 443 974 526 Ι,
1022 445 1106 510 72
1139 444 1554 528 praetexentis
1595 449 1905 508 servatam
1946 443 2027 510 ab
2070 465 2137 509 eo
2180 445 2399 525 filiam.
2490 443 2583 528 11,
2630 446 2713 510 21
2770 445 3048 508 urbanae

601 548 860 614 militiae
904 555 960 614 et
989 553 1456 632 praetoriarum
1499 550 1837 616 cohortium
1882 552 2060 616 decus
2102 551 2505 616 attolentium.
2596 549 2688 633 ΙΙ,
2737 551 2819 614 22
2866 557 3051 615 scuta

596 656 1021 740 quatientium.
1147 657 1272 740 111,
1332 659 1418 721 34
1501 658 1753 722 irritam
1812 659 2119 740 praedam
2192 658 2492 724 militibus
2563 657 2839 738 effecerat
2904 679 3049 722 eon-

597 765 809 828 sensus
865 763 1098 828 Italiae
1175 765 1532 845 emptionem
1600 765 1821 829 talium
1894 766 2345 847 mancipiorum
2415 766 2822 848 aspernantis.
2918 763 3057 846 111,

600 869 686 934 50
753 871 1073 936 seditiosae
1134 871 1406 936 militum
1467 891 1632 936 voces
1695 872 1999 937 terrebant
2048 872 2389 936 clavarium
2433 919 2449 936 .
2490 922 2503 934 .
2543 921 2557 936 .
2610 871 3061 957 flayitantium.

597 974 723 1059 111,
771 975 855 1040 58
919 976 1287 1050 clamoribus
1343 978 1559 1060 populi
1617 997 1804 1042 arma
1860 979 2161 1060 poscentis
2212 978 2610 1058 refovebatur.
2700 976 2814 1059 IV,
2850 979 2891 1041 6
2944 999 3057 1040 υα·

598 1083 715 1148 riis
782 1088 848 1146 ut
907 1088 1054 1148 sunt
1112 1083 1432 1149 hominum
1493 1085 1750 1168 inqenia
1814 1085 2195 1150 sermonibus
2250 1086 2723 1150 moderationem
2788 1084 3057 1148 laudan-

600 1191 755 1254 tium
799 1193 912 1254 aut
943 1191 1356 1254 constantiam
1402 1191 1861 1272 requirentium.
1964 1190 2079 1274 IV,
2125 1192 2212 1254 34
2254 1191 2400 1256 hinc
2442 1193 2513 1256 in
2566 1193 2777 1258 ducem
2820 1191 3061 1254 clamor

599 1316 874 1378 puqnam
917 1297 1316 1378 poscentium.
1399 1294 1514 1380 IV,
1557 1297 1642 1362 47
1703 1318 1933 1380 mayna
1985 1299 2347 1364 documenta
2398 1298 2712 1364 instabilis
2762 1296 3060 1378 fortunae

599 1422 960 1484 summaque
1005 1407 1062 1466 ct
1117 1404 1250 1468 ima
1295 1403 1621 1468 miscentis,
1721 1405 1878 1488 Agr.
1923 1406 1997 1468 11
2057 1405 2285 1470 rutilae
2321 1403 2720 1472 Caledoniam
2773 1403 3057 1468 habitan-

604 1510 759 1573 tium
803 1529 1021 1574 comac.
1096 1510 1181 1574 28
1225 1510 1671 1576 Britannorum
1714 1531 1833 1576 sua
1876 1511 2344 1594 defensantium.
2427 1510 2591 1577 Vell.
2640 1509 2697 1594 I,
2743 1510 2776 1572 1
2826 1508 3055 1574 heredi-

605 1616 838 1678 tarium
883 1617 1210 1681 exercentis
1253 1617 1324 1681 in
1369 1639 1506 1682 eum
1551 1619 1777 1684 odium.
1869 1617 1931 1702 Ι,
1975 1618 2015 1682 9
2074 1617 2311 1684 Octavii
2350 1618 2661 1700 praetoris
2702 1617 2961 1682 navalis
3006 1621 3059 1680 et

604 1721 822 1786 Anicii
855 1742 1054 1804 rcyem
1089 1721 1454 1806 Illyriorum
1492 1725 1771 1808 ymztium
1808 1729 1951 1789 ante
1984 1745 2237 1790 currum
2269 1725 2505 1807 ayentis
2542 1722 2843 1806 triumphi
2884 1722 3056 1803 fuere

603 1827 868 1892 celebres.
951 1826 1012 1890 II
1025 1877 1042 1909 ,
1097 1829 1171 1892 11
1238 1830 1535 1896 trahentis
1587 1833 1721 1895 iam
1773 1831 1845 1893 in
1900 1832 2145 1896 tertium
2198 1852 2437 1896 annum
2490 1829 2726 1894 bellum.
2828 1828 2927 1912 II,
2984 1831 3055 1894 12

603 1935 976 1998 continuatis
1017 1933 1347 2000 bonoribus
1393 1957 1521 2002 rem
1555 1937 1869 2019 publicam
1916 1938 2320 2002 lacerantium
2356 1942 2414 2002 et
2448 1937 2681 2020 ⁸clad-iis
2724 1957 2965 2018 quoque
3004 1940 3056 1998 ct

602 2042 779 2104 caede
814 2041 1063 2104 comitia
1097 2042 1569 2108 discutientium.
1641 2041 1734 2124 ΙΙ,
1772 2043 1859 2108 55
1894 2044 2163 2126 undique
2198 2044 2285 2108 ad
2316 2063 2455 2108 eum
2491 2041 2791 2126 (Pompei
2824 2040 3049 2124 filium)

603 2147 802 2212 adhuc
835 2149 1092 2229 paterni
1135 2150 1406 2214 nominis
1449 2150 1939 2232 maynitudinem
1982 2150 2359 2232 sequentium
2394 2169 2469 2214 ex
2514 2153 2632 2214 toto
2680 2148 2821 2212 orbe
2870 2153 3047 2212 terra·-

603 2275 747 2318 rum
789 2255 1050 2319 auxiliis
1093 2256 1547 2336 confluentibus.
1629 2255 1723 2334 ΙΙ,
1774 2257 1857 2320 72
1916 2276 2053 2320 cum
2108 2277 2331 2338 mayno
2374 2256 2753 2338 sequentium
2798 2255 3047 2319 consilia

603 2382 719 2425 sua
773 2363 1079 2426 comitatu.
1182 2361 1272 2440 ΙΙ,
1326 2364 1452 2426 102
1505 2381 1612 2427 nec
1664 2363 1862 2442 defuit
1910 2364 2285 2426 conservatio
2342 2362 2661 2426 hominum
2716 2362 2881 2425 vitia
2928 2362 3039 2424 eius

604 2469 1013 2534 assentatione
1064 2469 1380 2534 alentium.
1472 2467 1562 2551 II,
1615 2468 1743 2532 103
1798 2468 2197 2532 inserentium
2254 2469 2412 2532 coelo
2457 2488 2707 2532 manus.
2790 2467 2883 2550 Π,
2930 2463 3034 2530 125

603 2576 709 2641 sed
749 2574 897 2641 haec
941 2577 1154 2641 omnia
1201 2577 1414 2641 veteris
1459 2576 1850 2658 imperatoris
1896 2575 2229 2640 maturitas
2273 2576 2471 2641 multa
2516 2573 2843 2639 inhibentis
2876 2622 2892 2637 .
2928 2623 2943 2636 .
2978 2623 2993 2636 .
3030 2622 3043 2635 .

605 2683 768 2747 brevi
819 2685 1005 2763 sopiit
1055 2704 1130 2746 ac
1181 2683 1444 2747 sustulit.
1551 2681 1647 2766 II,
1699 2679 1818 2746 129
1885 2702 2035 2746 usus
2080 2678 2237 2765 (eet)
2290 2702 2475 2762 opera
2532 2681 2750 2745 Flacci
2796 2678 3041 2760 Pompei

662 2836 675 2850 .
715 2835 729 2850 .
777 2789 1062 2851 merent-is
1103 2808 1338 2867 semper
1383 2808 1703 2868 nunquam
1748 2790 2053 2869 captant-is
2092 2786 2430 2871 ylwiam.¹)

803 2940 924 2996 111.
972 2942 1296 3012 Participii
1333 2944 1675 3013 praesensss
1713 2959 1846 2998 cum
1886 2944 2090 3000 dativo
2127 2944 2408 3011 iungitur
2445 2943 2849 3000 sentientium.

785 3050 934 3116 Tae.
973 3075 1118 3118 ann.
1155 3052 1275 3138 XI,
1314 3054 1399 3118 34
1445 3076 1522 3120 ne
1566 3054 1757 3121 multo
1790 3060 1936 3137 post
1971 3054 2179 3118 urbem
2226 3055 2592 3137 inyreclienti
2628 3052 3050 3131 offerebantur.

608 3154 755 3241 XII,
794 3160 870 3223 15
905 3162 1248 3240 potentiam
1285 3160 1641 3225 Romanam
1679 3160 2133 3225 ostentantibus.
2209 3158 2357 3243 XII,
2384 3160 2470 3224 45
2515 3160 2833 3223 Romanos
2881 3158 3053 3223 auxi-

609 3264 690 3327 lio
737 3268 991 3329 vocanti.
1064 3264 1250 3348 XIII,
1298 3266 1339 3330 5
1387 3267 1600 3349 leyatis
1637 3264 2080 3329 Armeniorum
2126 3284 2379 3329 causam
2419 3265 2617 3347 yentis
2661 3264 2836 3347 apud
2871 3266 3055 3329 Nero-

607 3390 745 3433 nem
791 3372 1124 3459 orantibus.
1217 3370 1405 3456 XIII,
1453 3372 1535 3435 29
1593 3372 1802 3436 deerat
1853 3371 2038 3435 robur
2092 3372 2313 3435 aetatis
2358 3391 2495 3433 eum
2536 3371 2822 3453 primum
2870 3372 3057 3455 mapi-

606 3474 873 3539 st'ratum
927 3478 1386 3559 capessentibus.
1479 3475 1657 3560 XIV,
1707 3480 1745 3542 8
1812 3479 1943 3543 iam
1998 3478 2067 3541 in
2122 3481 2373 3540 mortem
2428 3478 2770 3540 centurioni
2821 3479 3056 3559 ferrum

607 3584 1001 3665 destringsenti
1047 3633 1062 3649 .
1099 3634 1113 3649 .
1153 3634 1168 3649 .
1208 3635 1220 3648 .
1277 3584 1653 3649 exclamavit.
1737 3582 1912 3667 XIV,
1959 3586 2037 3647 31
2089 3583 2235 3647 haec
2279 3585 2483 3664 aye-nti
2527 3582 2833 3650 Suetonio,
2924 3582 3055 3665 XV,

609 3690 695 3755 35
740 3711 966 3755 munus
1007 3690 1423 3771 frequentanti
1460 3690 1713 3755 Neroni.
1798 3688 1941 3771 XV,
1980 3690 2062 3753 37
2112 3692 2202 3753 rei
2241 3691 2691 3771 frumentariae
2736 3693 3056 3773 anyustias

607 3799 665 3861 si
718 3797 945 3863 abesset
998 3796 1301 3860 metuenti.
1385 3792 1572 3879 XVI,
1620 3796 1706 3859 22
1772 3798 2133 3861 auctoritate
2195 3798 2326 3861 eius
2382 3797 2737 3863 concidisset
2790 3798 3056 3863 iuvantis

608 3904 872 3969 Cilicum
918 3904 1142 3986 leyatos
1177 3904 1324 3966 dum
1363 3898 1723 3985 Capitonem
1767 3904 2244 3984 repetundarum
2288 3905 2683 3984 interrogant.
2760 3903 2943 3988 XVI,
2980 3904 3053 3967 22

608 4032 766 4075 nova
803 4010 1195 4093 cupientibus.
1269 4006 1453 4092 XVI,
1494 4008 1578 4073 29
1626 4030 1853 4073 manus
1890 4014 1947 4073 et
1983 4008 2100 4076 tela
2138 4010 2408 4073 militum
2444 4011 2839 4075 cernentibus
2912 4012 3050 4075 hist.

608 4118 667 4201 1,
719 4118 754 4180 7
813 4120 1209 4200 imperatores
1255 4164 1270 4179 .
1293 4165 1324 4189 ,.
1363 4165 1376 4179 .
1415 4166 1429 4181 .
1489 4116 2004 4197 comparantibus.
2105 4114 2166 4199 I,
2212 4117 2300 4180 20
2360 4121 2576 4181 cuncta
2628 4118 3050 4183 scrutantibus·

608 4222 666 4307 Ι,
713 4224 798 4287 34
853 4224 1218 4305 speciosiora
1271 4222 1667 4286 suadentibus
1712 4222 1975 4285 accessit.
2064 4221 2123 4304 I,
2172 4223 2251 4288 71
2309 4224 2560 4287 eandem
2613 4224 2899 4287 virtutem
2958 4225 3049 4289 ad-

611 4330 1000 4393 mirantibus
1091 4327 1150 4411 I,
1198 4328 1283 4393 85
1328 4329 1577 4410 privato
1629 4326 1859 4391 Othone
1903 4348 2099 4409 nuper
2151 4333 2337 4409 atque
2383 4330 2589 4392 eadem
2647 4330 2873 4394 dicenti
2917 4334 3053 4395 nota

614 4434 911 4498 adulatio.
997 4434 1054 4517 Ι,
1103 4434 1187 4499 86
1222 4434 1489 4517 paranti
1533 4434 1969 4516 expeditionem
2019 4432 2262 4499 Othoni.
2345 4434 2433 4517 ΙΙ,
2481 4436 2564 4500 23
2610 4441 2952 4517 suspectum
2996 4434 3054 4499 id

755 4612 810 4681 1)
843 4608 929 4666 De
967 4608 1113 4663 Ven.
1149 4608 1229 4675 ΙΙ,
1271 4612 1372 4663 109
1410 4608 1479 4663 cf.
1517 4606 1759 4682 append.
1798 4607 1921 4663 crit.
