<?xml version="1.0" encoding="UTF-8"?>
<!DOCTYPE html PUBLIC "-//W3C//DTD XHTML 1.0 Transitional//EN"
    "http://www.w3.org/TR/xhtml1/DTD/xhtml1-transitional.dtd">
<html xmlns="http://www.w3.org/1999/xhtml" xml:lang="en" lang="en">
 <head>
  <title>
</title>
<meta http-equiv="Content-Type" content="text/html;charset=utf-8" />
  <meta name='ocr-system' content='tesseract 3.04.00' />
  <meta name='ocr-capabilities' content='ocr_page ocr_carea ocr_par ocr_line ocrx_word'/>
</head>
<body>
  <div class='ocr_page' id='page_1' title='image "./quaestionessynt01helmgoog_0061.png"; bbox 0 0 3303 5235; ppageno 0'>
   <div class='ocr_carea' id='block_1_1' title="bbox 1049 291 2809 361">
    <p class='ocr_par' dir='ltr' id='par_1_1' title="bbox 1049 291 2809 361">
     <span class='ocr_line' id='line_1_1' title="bbox 1049 291 2809 361; baseline 0.011 -19"><span class='ocrx_word' id='word_1_1' title='bbox 1049 291 1130 343; x_wconf 85' lang='lat' dir='ltr'><em>De</em></span> <span class='ocrx_word' id='word_1_2' title='bbox 1167 291 1596 361; x_wconf 73' lang='lat' dir='ltr'>participiorum</span> <span class='ocrx_word' id='word_1_3' title='bbox 1632 310 1735 346; x_wconf 81' lang='lat' dir='ltr'><em>usu</em></span> <span class='ocrx_word' id='word_1_4' title='bbox 1774 293 2121 350; x_wconf 74' lang='lat' dir='ltr'><em>attributivo.</em></span> <span class='ocrx_word' id='word_1_5' title='bbox 2724 297 2809 360; x_wconf 78' lang='grc'><em>69</em></span> 
     </span>
    </p>
   </div>
   <div class='ocr_carea' id='block_1_2' title="bbox 309 451 2814 4695">
    <p class='ocr_par' dir='ltr' id='par_1_2' title="bbox 315 451 2814 4161">
     <span class='ocr_line' id='line_1_2' title="bbox 325 451 2814 542; baseline 0.004 -26"><span class='ocrx_word' id='word_1_6' title='bbox 325 454 780 536; x_wconf 88' lang='lat' dir='ltr'><em>perpetranda.</em></span> <span class='ocrx_word' id='word_1_7' title='bbox 853 451 934 537; x_wconf 88' lang='lat' dir='ltr'><em>V,</em></span> <span class='ocrx_word' id='word_1_8' title='bbox 988 454 1064 516; x_wconf 90' lang='grc'><em>11</em></span> <span class='ocrx_word' id='word_1_9' title='bbox 1115 453 1392 520; x_wconf 88' lang='lat' dir='ltr'><em>Romani</em></span> <span class='ocrx_word' id='word_1_10' title='bbox 1434 457 1522 522; x_wconf 90' lang='lat' dir='ltr'><em>ad</em></span> <span class='ocrx_word' id='word_1_11' title='bbox 1562 457 2045 539; x_wconf 75' lang='lat' dir='ltr'><em>oppuynandum</em></span> <span class='ocrx_word' id='word_1_12' title='bbox 2088 460 2263 523; x_wconf 86' lang='lat' dir='ltr'><em>versi.</em></span> <span class='ocrx_word' id='word_1_13' title='bbox 2342 458 2421 542; x_wconf 89' lang='lat' dir='ltr'><em>V,</em></span> <span class='ocrx_word' id='word_1_14' title='bbox 2468 459 2548 524; x_wconf 85' lang='lat'><em>15</em></span> <span class='ocrx_word' id='word_1_15' title='bbox 2581 461 2814 542; x_wconf 85' lang='lat' dir='ltr'><em>proelii</em></span> 
     </span>
     <span class='ocr_line' id='line_1_3' title="bbox 335 561 2811 642; baseline 0.003 -16"><span class='ocrx_word' id='word_1_16' title='bbox 335 566 596 626; x_wconf 84' lang='lat' dir='ltr'><em>eventus</em></span> <span class='ocrx_word' id='word_1_17' title='bbox 647 566 979 642; x_wconf 79' lang='lat' dir='ltr'><em>utrumque</em></span> <span class='ocrx_word' id='word_1_18' title='bbox 1041 561 1250 626; x_wconf 86' lang='lat' dir='ltr'><em>ducem</em></span> <span class='ocrx_word' id='word_1_19' title='bbox 1313 564 1569 628; x_wconf 86' lang='lat' dir='ltr'><em>diversis</em></span> <span class='ocrx_word' id='word_1_20' title='bbox 1628 564 1833 628; x_wconf 90' lang='lat' dir='ltr'><em>animi</em></span> <span class='ocrx_word' id='word_1_21' title='bbox 1893 564 2155 630; x_wconf 90' lang='lat' dir='ltr'><em>motibus</em></span> <span class='ocrx_word' id='word_1_22' title='bbox 2217 567 2303 629; x_wconf 90' lang='lat' dir='ltr'><em>ad</em></span> <span class='ocrx_word' id='word_1_23' title='bbox 2364 570 2811 634; x_wconf 77' lang='lat' dir='ltr'><em>maturandum</em></span> 
     </span>
     <span class='ocr_line' id='line_1_4' title="bbox 335 666 2808 756; baseline 0.002 -22"><span class='ocrx_word' id='word_1_24' title='bbox 335 689 628 734; x_wconf 86' lang='lat' dir='ltr'><em>summae</em></span> <span class='ocrx_word' id='word_1_25' title='bbox 672 668 765 732; x_wconf 89' lang='lat' dir='ltr'><em>rei</em></span> <span class='ocrx_word' id='word_1_26' title='bbox 811 668 1140 732; x_wconf 83' lang='lat' dir='ltr'><em>discrimen</em></span> <span class='ocrx_word' id='word_1_27' title='bbox 1192 670 1400 734; x_wconf 69' lang='lat' dir='ltr'><em>eremit.</em></span> <span class='ocrx_word' id='word_1_28' title='bbox 1476 666 1555 753; x_wconf 88' lang='lat' dir='ltr'><em>V,</em></span> <span class='ocrx_word' id='word_1_29' title='bbox 1591 670 1674 734; x_wconf 91' lang='grc'><em>21</em></span> <span class='ocrx_word' id='word_1_30' title='bbox 1724 671 1812 734; x_wconf 85' lang='lat' dir='ltr'><em>ad</em></span> <span class='ocrx_word' id='word_1_31' title='bbox 1852 673 2230 751; x_wconf 76' lang='lat' dir='ltr'><em>exsequenda</em></span> <span class='ocrx_word' id='word_1_32' title='bbox 2262 673 2546 754; x_wconf 90' lang='lat' dir='ltr'><em>imperia.</em></span> <span class='ocrx_word' id='word_1_33' title='bbox 2610 673 2689 756; x_wconf 88' lang='lat' dir='ltr'><em>V,</em></span> <span class='ocrx_word' id='word_1_34' title='bbox 2723 675 2808 739; x_wconf 93' lang='grc'><em>22</em></span> 
     </span>
     <span class='ocr_line' id='line_1_5' title="bbox 325 774 2807 863; baseline 0.002 -23"><span class='ocrx_word' id='word_1_35' title='bbox 325 776 652 859; x_wconf 79' lang='lat' dir='ltr'><em>profectus</em></span> <span class='ocrx_word' id='word_1_36' title='bbox 689 774 1066 838; x_wconf 80' lang='lat' dir='ltr'><em>Novaesium</em></span> <span class='ocrx_word' id='word_1_37' title='bbox 1092 774 1506 858; x_wconf 73' lang='lat' dir='ltr'><strong><em>Bonnamque</em></strong></span> <span class='ocrx_word' id='word_1_38' title='bbox 1538 777 1626 840; x_wconf 93' lang='lat' dir='ltr'><em>ad</em></span> <span class='ocrx_word' id='word_1_39' title='bbox 1658 777 1909 841; x_wconf 82' lang='lat' dir='ltr'><em>visenda</em></span> <span class='ocrx_word' id='word_1_40' title='bbox 1943 783 2167 842; x_wconf 88' lang='lat' dir='ltr'><em>castra.</em></span> <span class='ocrx_word' id='word_1_41' title='bbox 2234 776 2453 863; x_wconf 88' lang='lat' dir='ltr'><em>Agric.</em></span> <span class='ocrx_word' id='word_1_42' title='bbox 2491 780 2522 842; x_wconf 87' lang='lat'>1</span> <span class='ocrx_word' id='word_1_43' title='bbox 2564 779 2807 845; x_wconf 89' lang='lat' dir='ltr'><em>celeber-</em></span> 
     </span>
     <span class='ocr_line' id='line_1_6' title="bbox 340 882 2809 963; baseline 0.003 -18"><span class='ocrx_word' id='word_1_44' title='bbox 340 884 553 947; x_wconf 88' lang='lat' dir='ltr'><em>rimus</em></span> <span class='ocrx_word' id='word_1_45' title='bbox 586 882 843 962; x_wconf 78' lang='lat' dir='ltr'><em>quisque</em></span> <span class='ocrx_word' id='word_1_46' title='bbox 878 882 1124 963; x_wconf 74' lang='lat' dir='ltr'><em>inqenio</em></span> <span class='ocrx_word' id='word_1_47' title='bbox 1161 882 1248 946; x_wconf 88' lang='lat' dir='ltr'><em>ad</em></span> <span class='ocrx_word' id='word_1_48' title='bbox 1268 883 1657 963; x_wconf 75' lang='lat' dir='ltr'><strong><em>prodendam</em></strong></span> <span class='ocrx_word' id='word_1_49' title='bbox 1692 884 1938 948; x_wconf 86' lang='lat' dir='ltr'><em>virtutis</em></span> <span class='ocrx_word' id='word_1_50' title='bbox 1974 885 2336 948; x_wconf 78' lang='lat' dir='ltr'><em>memoriam</em></span> <span class='ocrx_word' id='word_1_51' title='bbox 2374 934 2388 948; x_wconf 95' lang='lat'><em>.</em></span> <span class='ocrx_word' id='word_1_52' title='bbox 2418 935 2432 948; x_wconf 94' lang='lat'><em>.</em></span> <span class='ocrx_word' id='word_1_53' title='bbox 2463 936 2478 951; x_wconf 92' lang='lat'><em>.</em></span> <span class='ocrx_word' id='word_1_54' title='bbox 2509 935 2524 950; x_wconf 93' lang='lat'><em>.</em></span> <span class='ocrx_word' id='word_1_55' title='bbox 2561 887 2809 952; x_wconf 84' lang='lat' dir='ltr'><em>duceba-</em></span> 
     </span>
     <span class='ocr_line' id='line_1_7' title="bbox 347 989 2808 1072; baseline 0.002 -19"><span class='ocrx_word' id='word_1_56' title='bbox 347 995 478 1053; x_wconf 90' lang='lat' dir='ltr'><em>tur.</em></span> <span class='ocrx_word' id='word_1_57' title='bbox 552 989 589 1051; x_wconf 89' lang='grc'><strong>6</strong></span> <span class='ocrx_word' id='word_1_58' title='bbox 634 989 719 1052; x_wconf 81' lang='lat' dir='ltr'><em>ad</em></span> <span class='ocrx_word' id='word_1_59' title='bbox 762 989 1152 1068; x_wconf 86' lang='lat' dir='ltr'><em>capessendos</em></span> <span class='ocrx_word' id='word_1_60' title='bbox 1187 989 1590 1071; x_wconf 62' lang='lat' dir='ltr'><em>magistratus</em></span> <span class='ocrx_word' id='word_1_61' title='bbox 1633 991 1705 1053; x_wconf 90' lang='lat' dir='ltr'><em>in</em></span> <span class='ocrx_word' id='word_1_62' title='bbox 1739 989 1949 1054; x_wconf 89' lang='lat' dir='ltr'><em>urbem</em></span> <span class='ocrx_word' id='word_1_63' title='bbox 1993 991 2313 1072; x_wconf 73' lang='lat' dir='ltr'><em>diyressus.</em></span> <span class='ocrx_word' id='word_1_64' title='bbox 2385 990 2469 1056; x_wconf 91' lang='lat' dir='ltr'><em>ib.</em></span> <span class='ocrx_word' id='word_1_65' title='bbox 2514 993 2602 1057; x_wconf 91' lang='lat' dir='ltr'><em>ad</em></span> <span class='ocrx_word' id='word_1_66' title='bbox 2643 994 2808 1057; x_wconf 90' lang='lat' dir='ltr'><em>dona</em></span> 
     </span>
     <span class='ocr_line' id='line_1_8' title="bbox 349 1095 2808 1180; baseline 0.001 -21"><span class='ocrx_word' id='word_1_67' title='bbox 349 1095 716 1178; x_wconf 89' lang='lat' dir='ltr'><em>templorum</em></span> <span class='ocrx_word' id='word_1_68' title='bbox 760 1095 1246 1176; x_wconf 62' lang='lat' dir='ltr'><em>recognoscenda.</em></span> <span class='ocrx_word' id='word_1_69' title='bbox 1300 1095 1336 1157; x_wconf 99' lang='grc'>7</span> <span class='ocrx_word' id='word_1_70' title='bbox 1413 1096 1500 1158; x_wconf 93' lang='lat' dir='ltr'><em>ad</em></span> <span class='ocrx_word' id='word_1_71' title='bbox 1541 1095 1798 1160; x_wconf 87' lang='lat' dir='ltr'><em>delectus</em></span> <span class='ocrx_word' id='word_1_72' title='bbox 1834 1096 2111 1178; x_wconf 72' lang='lat' dir='ltr'><em>ayend03.</em></span> <span class='ocrx_word' id='word_1_73' title='bbox 2191 1096 2271 1160; x_wconf 91' lang='grc'><em>12</em></span> <span class='ocrx_word' id='word_1_74' title='bbox 2317 1097 2404 1161; x_wconf 88' lang='lat' dir='ltr'><em>ad</em></span> <span class='ocrx_word' id='word_1_75' title='bbox 2433 1098 2808 1180; x_wconf 85' lang='lat' dir='ltr'><em>propulsan-</em></span> 
     </span>
     <span class='ocr_line' id='line_1_9' title="bbox 339 1200 2803 1283; baseline 0.002 -18"><span class='ocrx_word' id='word_1_76' title='bbox 339 1203 496 1266; x_wconf 87' lang='lat' dir='ltr'><em>dum</em></span> <span class='ocrx_word' id='word_1_77' title='bbox 543 1221 857 1264; x_wconf 88' lang='lat' dir='ltr'><em>commune</em></span> <span class='ocrx_word' id='word_1_78' title='bbox 898 1200 1266 1282; x_wconf 89' lang='lat' dir='ltr'><em>periculum.</em></span> <span class='ocrx_word' id='word_1_79' title='bbox 1359 1200 1442 1264; x_wconf 90' lang='grc'><em>28</em></span> <span class='ocrx_word' id='word_1_80' title='bbox 1505 1201 1592 1266; x_wconf 90' lang='lat' dir='ltr'><em>ad</em></span> <span class='ocrx_word' id='word_1_81' title='bbox 1647 1202 2013 1266; x_wconf 77' lang='lat' dir='ltr'><em>tradendam</em></span> <span class='ocrx_word' id='word_1_82' title='bbox 2068 1202 2479 1283; x_wconf 76' lang='lat' dir='ltr'><em>disciplinam.</em></span> <span class='ocrx_word' id='word_1_83' title='bbox 2567 1202 2715 1268; x_wconf 83' lang='lat' dir='ltr'><em>dial.</em></span> <span class='ocrx_word' id='word_1_84' title='bbox 2765 1205 2803 1269; x_wconf 85' lang='lat'>8</span> 
     </span>
     <span class='ocr_line' id='line_1_10' title="bbox 336 1307 2793 1388; baseline 0 -15"><span class='ocrx_word' id='word_1_85' title='bbox 336 1309 430 1373; x_wconf 77' lang='lat' dir='ltr'><em>ad</em></span> <span class='ocrx_word' id='word_1_86' title='bbox 472 1308 1009 1371; x_wconf 78' lang='lat' dir='ltr'><em>demonstrandam</em></span> <span class='ocrx_word' id='word_1_87' title='bbox 1055 1307 1361 1370; x_wconf 84' lang='lat' dir='ltr'><em>oratoriae</em></span> <span class='ocrx_word' id='word_1_88' title='bbox 1412 1307 1787 1388; x_wconf 76' lang='lat' dir='ltr'><em>eloquentiae</em></span> <span class='ocrx_word' id='word_1_89' title='bbox 1829 1308 2159 1372; x_wconf 87' lang='lat' dir='ltr'><em>utilitatem</em></span> <span class='ocrx_word' id='word_1_90' title='bbox 2206 1309 2553 1373; x_wconf 73' lang='lat' dir='ltr'><em>illustriora</em></span> <span class='ocrx_word' id='word_1_91' title='bbox 2598 1329 2793 1374; x_wconf 78' lang='lat' dir='ltr'><em>exem-</em></span> 
     </span>
     <span class='ocr_line' id='line_1_11' title="bbox 331 1411 2800 1496; baseline 0.001 -18"><span class='ocrx_word' id='word_1_92' title='bbox 331 1421 458 1496; x_wconf 88' lang='lat' dir='ltr'><em>pta</em></span> <span class='ocrx_word' id='word_1_93' title='bbox 501 1419 660 1478; x_wconf 90' lang='lat' dir='ltr'><em>sunt.</em></span> <span class='ocrx_word' id='word_1_94' title='bbox 742 1411 909 1478; x_wconf 89' lang='lat' dir='ltr'><em>Vell.</em></span> <span class='ocrx_word' id='word_1_95' title='bbox 955 1413 1045 1496; x_wconf 90' lang='grc' dir='ltr'><em>ΙΙ,</em></span> <span class='ocrx_word' id='word_1_96' title='bbox 1099 1414 1178 1476; x_wconf 83' lang='grc'><em>13</em></span> <span class='ocrx_word' id='word_1_97' title='bbox 1235 1433 1554 1478; x_wconf 74' lang='lat' dir='ltr'><em>conversus</em></span> <span class='ocrx_word' id='word_1_98' title='bbox 1597 1412 1805 1478; x_wconf 86' lang='lat' dir='ltr'><em>Drusi</em></span> <span class='ocrx_word' id='word_1_99' title='bbox 1860 1416 2111 1479; x_wconf 87' lang='lat' dir='ltr'><em>animus</em></span> <span class='ocrx_word' id='word_1_100' title='bbox 2156 1464 2171 1479; x_wconf 97' lang='lat'><em>.</em></span> <span class='ocrx_word' id='word_1_101' title='bbox 2210 1463 2225 1478; x_wconf 95' lang='lat'><em>.</em></span> <span class='ocrx_word' id='word_1_102' title='bbox 2266 1463 2279 1478; x_wconf 94' lang='lat'><em>.</em></span> <span class='ocrx_word' id='word_1_103' title='bbox 2318 1465 2331 1477; x_wconf 96' lang='lat'><em>.</em></span> <span class='ocrx_word' id='word_1_104' title='bbox 2388 1417 2475 1479; x_wconf 90' lang='lat' dir='ltr'><em>ad</em></span> <span class='ocrx_word' id='word_1_105' title='bbox 2524 1416 2800 1480; x_wconf 87' lang='lat' dir='ltr'><em>dandam</em></span> 
     </span>
     <span class='ocr_line' id='line_1_12' title="bbox 345 1517 2801 1606; baseline 0.001 -22"><span class='ocrx_word' id='word_1_106' title='bbox 345 1521 670 1585; x_wconf 81' lang='lat' dir='ltr'><em>civitatem.</em></span> <span class='ocrx_word' id='word_1_107' title='bbox 773 1517 866 1604; x_wconf 91' lang='grc' dir='ltr'><em>ΙΙ,</em></span> <span class='ocrx_word' id='word_1_108' title='bbox 920 1521 998 1584; x_wconf 88' lang='lat'><em>19</em></span> <span class='ocrx_word' id='word_1_109' title='bbox 1066 1521 1151 1584; x_wconf 87' lang='lat' dir='ltr'><em>ad</em></span> <span class='ocrx_word' id='word_1_110' title='bbox 1210 1540 1387 1600; x_wconf 79' lang='lat' dir='ltr'><em>quem</em></span> <span class='ocrx_word' id='word_1_111' title='bbox 1445 1517 1782 1606; x_wconf 85' lang='lat' dir='ltr'><em>(Marium)</em></span> <span class='ocrx_word' id='word_1_112' title='bbox 1842 1522 2326 1602; x_wconf 75' lang='lat' dir='ltr'><em>interficiendum</em></span> <span class='ocrx_word' id='word_1_113' title='bbox 2381 1522 2609 1588; x_wconf 83' lang='lat' dir='ltr'><em>missus</em></span> <span class='ocrx_word' id='word_1_114' title='bbox 2662 1544 2801 1586; x_wconf 74' lang='lat' dir='ltr'><em>cuni</em></span> 
     </span>
     <span class='ocr_line' id='line_1_13' title="bbox 337 1610 2801 1710; baseline 0.001 -19"><span class='ocrx_word' id='word_1_115' title='bbox 337 1628 552 1710; x_wconf 73' lang='lat' dir='ltr'><em>yladio</em></span> <span class='ocrx_word' id='word_1_116' title='bbox 599 1647 826 1691; x_wconf 73' lang='lat' dir='ltr'><em>servus.</em></span> <span class='ocrx_word' id='word_1_117' title='bbox 913 1610 1010 1710; x_wconf 85' lang='lat'><em>11,</em></span> <span class='ocrx_word' id='word_1_118' title='bbox 1057 1627 1140 1691; x_wconf 81' lang='lat'><em>28</em></span> <span class='ocrx_word' id='word_1_119' title='bbox 1193 1627 1440 1708; x_wconf 72' lang='lat' dir='ltr'><em>priores</em></span> <span class='ocrx_word' id='word_1_120' title='bbox 1501 1629 1586 1692; x_wconf 69' lang='lat' dir='ltr'><em>aa</em></span> <span class='ocrx_word' id='word_1_121' title='bbox 1647 1627 2086 1692; x_wconf 66' lang='lat' dir='ltr'><em>vindicandam</em></span> <span class='ocrx_word' id='word_1_122' title='bbox 2152 1629 2450 1692; x_wconf 66' lang='lat' dir='ltr'><em>maximis</em></span> <span class='ocrx_word' id='word_1_123' title='bbox 2499 1630 2801 1709; x_wconf 71' lang='lat' dir='ltr'><em>perieulis</em></span> 
     </span>
     <span class='ocr_line' id='line_1_14' title="bbox 338 1732 2800 1817; baseline 0.001 -20"><span class='ocrx_word' id='word_1_124' title='bbox 338 1733 780 1815; x_wconf 72' lang='lat' dir='ltr'><em>rempublicam</em></span> <span class='ocrx_word' id='word_1_125' title='bbox 817 1733 966 1797; x_wconf 90' lang='lat' dir='ltr'><em>olim</em></span> <span class='ocrx_word' id='word_1_126' title='bbox 1000 1733 1102 1797; x_wconf 91' lang='lat' dir='ltr'><em>usi</em></span> <span class='ocrx_word' id='word_1_127' title='bbox 1137 1737 1331 1797; x_wconf 90' lang='lat' dir='ltr'><em>erant.</em></span> <span class='ocrx_word' id='word_1_128' title='bbox 1402 1732 1495 1817; x_wconf 91' lang='grc' dir='ltr'><em>Π,</em></span> <span class='ocrx_word' id='word_1_129' title='bbox 1523 1733 1608 1797; x_wconf 89' lang='grc'><em>29</em></span> <span class='ocrx_word' id='word_1_130' title='bbox 1658 1735 1745 1797; x_wconf 90' lang='lat' dir='ltr'><em>ad</em></span> <span class='ocrx_word' id='word_1_131' title='bbox 1775 1734 2213 1798; x_wconf 82' lang='lat' dir='ltr'><em>vindicandam</em></span> <span class='ocrx_word' id='word_1_132' title='bbox 2248 1734 2800 1816; x_wconf 77' lang='lat' dir='ltr'><em>restituendamque</em></span> 
     </span>
     <span class='ocr_line' id='line_1_15' title="bbox 331 1837 2796 1922; baseline -0.001 -16"><span class='ocrx_word' id='word_1_133' title='bbox 331 1841 702 1922; x_wconf 69' lang='lat' dir='ltr'><em>diynitatem</em></span> <span class='ocrx_word' id='word_1_134' title='bbox 741 1840 1001 1920; x_wconf 88' lang='lat' dir='ltr'><em>pat-riae.</em></span> <span class='ocrx_word' id='word_1_135' title='bbox 1093 1837 1159 1901; x_wconf 96' lang='grc' dir='ltr'><em>ΙΙ</em></span> <span class='ocrx_word' id='word_1_136' title='bbox 1171 1890 1188 1921; x_wconf 90' lang='grc'>,</span> <span class='ocrx_word' id='word_1_137' title='bbox 1235 1839 1314 1902; x_wconf 82' lang='grc'><em>31</em></span> <span class='ocrx_word' id='word_1_138' title='bbox 1378 1840 1464 1903; x_wconf 92' lang='lat' dir='ltr'><em>ad</em></span> <span class='ocrx_word' id='word_1_139' title='bbox 1505 1859 1603 1904; x_wconf 89' lang='lat' dir='ltr'><em>eos</em></span> <span class='ocrx_word' id='word_1_140' title='bbox 1649 1841 2076 1920; x_wconf 89' lang='lat' dir='ltr'><em>opprimendos</em></span> <span class='ocrx_word' id='word_1_141' title='bbox 2123 1841 2477 1904; x_wconf 77' lang='lat' dir='ltr'><em>mitteretur.</em></span> <span class='ocrx_word' id='word_1_142' title='bbox 2570 1839 2663 1922; x_wconf 92' lang='lat' dir='ltr'><em>II,</em></span> <span class='ocrx_word' id='word_1_143' title='bbox 2710 1841 2796 1904; x_wconf 84' lang='lat'><em>43</em></span> 
     </span>
     <span class='ocr_line' id='line_1_16' title="bbox 330 1944 2802 2030; baseline 0.001 -19"><span class='ocrx_word' id='word_1_144' title='bbox 330 1948 424 2012; x_wconf 87' lang='lat' dir='ltr'><em>ad</em></span> <span class='ocrx_word' id='word_1_145' title='bbox 475 1946 887 2010; x_wconf 76' lang='lat' dir='ltr'><em>sacerdotium</em></span> <span class='ocrx_word' id='word_1_146' title='bbox 948 1945 1288 2008; x_wconf 88' lang='lat' dir='ltr'><em>ineundum</em></span> <span class='ocrx_word' id='word_1_147' title='bbox 1342 1994 1355 2009; x_wconf 93' lang='lat'><em>.</em></span> <span class='ocrx_word' id='word_1_148' title='bbox 1395 1993 1408 2009; x_wconf 95' lang='lat'><em>.</em></span> <span class='ocrx_word' id='word_1_149' title='bbox 1448 1993 1463 2008; x_wconf 93' lang='lat'><em>.</em></span> <span class='ocrx_word' id='word_1_150' title='bbox 1503 1994 1517 2009; x_wconf 91' lang='lat'><em>.</em></span> <span class='ocrx_word' id='word_1_151' title='bbox 1567 1946 1877 2025; x_wconf 87' lang='lat' dir='ltr'><em>festinans</em></span> <span class='ocrx_word' id='word_1_152' title='bbox 1930 1947 2000 2009; x_wconf 91' lang='lat' dir='ltr'><em>in</em></span> <span class='ocrx_word' id='word_1_153' title='bbox 2054 1945 2334 2011; x_wconf 89' lang='lat' dir='ltr'><em>Italiam.</em></span> <span class='ocrx_word' id='word_1_154' title='bbox 2426 1944 2518 2030; x_wconf 92' lang='grc' dir='ltr'><em>ΙΙ,</em></span> <span class='ocrx_word' id='word_1_155' title='bbox 2563 1947 2651 2010; x_wconf 85' lang='grc'><em>45</em></span> <span class='ocrx_word' id='word_1_156' title='bbox 2714 1948 2802 2013; x_wconf 90' lang='lat' dir='ltr'><em>ad</em></span> 
     </span>
     <span class='ocr_line' id='line_1_17' title="bbox 331 2051 2797 2135; baseline 0 -17"><span class='ocrx_word' id='word_1_157' title='bbox 331 2053 736 2134; x_wconf 85' lang='lat' dir='ltr'><em>spoliandum</em></span> <span class='ocrx_word' id='word_1_158' title='bbox 788 2072 972 2134; x_wconf 76' lang='lat' dir='ltr'><em>reyno</em></span> <span class='ocrx_word' id='word_1_159' title='bbox 1025 2051 1459 2116; x_wconf 88' lang='lat' dir='ltr'><em>Ptolemaeum.</em></span> <span class='ocrx_word' id='word_1_160' title='bbox 1549 2051 1639 2135; x_wconf 95' lang='grc' dir='ltr'><em>ΙΙ,</em></span> <span class='ocrx_word' id='word_1_161' title='bbox 1689 2051 1773 2116; x_wconf 89' lang='grc'><em>59</em></span> <span class='ocrx_word' id='word_1_162' title='bbox 1840 2053 1927 2117; x_wconf 85' lang='lat' dir='ltr'><em>ad</em></span> <span class='ocrx_word' id='word_1_163' title='bbox 1980 2055 2379 2118; x_wconf 84' lang='lat' dir='ltr'><em>erudiendam</em></span> <span class='ocrx_word' id='word_1_164' title='bbox 2444 2053 2797 2118; x_wconf 84' lang='lat' dir='ltr'><em>liberalibus</em></span> 
     </span>
     <span class='ocr_line' id='line_1_18' title="bbox 334 2158 2796 2240; baseline 0 -17"><span class='ocrx_word' id='word_1_165' title='bbox 334 2158 685 2240; x_wconf 83' lang='lat' dir='ltr'><em>disciplinis</em></span> <span class='ocrx_word' id='word_1_166' title='bbox 755 2159 1097 2240; x_wconf 71' lang='lat' dir='ltr'><em>sinqularis</em></span> <span class='ocrx_word' id='word_1_167' title='bbox 1158 2159 1427 2222; x_wconf 90' lang='lat' dir='ltr'><em>indolem</em></span> <span class='ocrx_word' id='word_1_168' title='bbox 1488 2159 1727 2223; x_wconf 85' lang='lat' dir='ltr'><em>iuvenis</em></span> <span class='ocrx_word' id='word_1_169' title='bbox 1792 2159 2198 2239; x_wconf 77' lang='lat' dir='ltr'><em>Apolloniam</em></span> <span class='ocrx_word' id='word_1_170' title='bbox 2260 2181 2399 2224; x_wconf 91' lang='lat' dir='ltr'><em>eum</em></span> <span class='ocrx_word' id='word_1_171' title='bbox 2451 2162 2523 2224; x_wconf 88' lang='lat' dir='ltr'><em>in</em></span> <span class='ocrx_word' id='word_1_172' title='bbox 2587 2162 2796 2226; x_wconf 83' lang='lat' dir='ltr'><em>studia</em></span> 
     </span>
     <span class='ocr_line' id='line_1_19' title="bbox 339 2264 2793 2348; baseline 0.001 -20"><span class='ocrx_word' id='word_1_173' title='bbox 339 2268 609 2330; x_wconf 86' lang='lat' dir='ltr'><em>miserat.</em></span> <span class='ocrx_word' id='word_1_174' title='bbox 695 2264 788 2348; x_wconf 96' lang='grc' dir='ltr'><em>ΙΙ,</em></span> <span class='ocrx_word' id='word_1_175' title='bbox 835 2265 922 2328; x_wconf 87' lang='lat'><em>60</em></span> <span class='ocrx_word' id='word_1_176' title='bbox 981 2265 1068 2328; x_wconf 90' lang='lat' dir='ltr'><em>ad</em></span> <span class='ocrx_word' id='word_1_177' title='bbox 1117 2266 1455 2345; x_wconf 82' lang='lat' dir='ltr'><em>nefandam</em></span> <span class='ocrx_word' id='word_1_178' title='bbox 1508 2265 1989 2329; x_wconf 89' lang='lat' dir='ltr'><em>dominationem</em></span> <span class='ocrx_word' id='word_1_179' title='bbox 2034 2266 2237 2346; x_wconf 78' lang='lat' dir='ltr'><em>erupit</em></span> <span class='ocrx_word' id='word_1_180' title='bbox 2276 2266 2475 2345; x_wconf 87' lang='lat' dir='ltr'><em>furor.</em></span> <span class='ocrx_word' id='word_1_181' title='bbox 2567 2265 2658 2347; x_wconf 92' lang='grc' dir='ltr'><em>ΙΙ,</em></span> <span class='ocrx_word' id='word_1_182' title='bbox 2708 2266 2793 2330; x_wconf 91' lang='grc'><em>62</em></span> 
     </span>
     <span class='ocr_line' id='line_1_20' title="bbox 339 2370 2790 2456; baseline 0 -21"><span class='ocrx_word' id='word_1_183' title='bbox 339 2374 426 2436; x_wconf 89' lang='lat' dir='ltr'><em>ad</em></span> <span class='ocrx_word' id='word_1_184' title='bbox 457 2373 804 2454; x_wconf 67' lang='lat' dir='ltr'><em>augendam</em></span> <span class='ocrx_word' id='word_1_185' title='bbox 847 2371 1167 2435; x_wconf 83' lang='lat' dir='ltr'><em>invidiam.</em></span> <span class='ocrx_word' id='word_1_186' title='bbox 1240 2370 1333 2454; x_wconf 94' lang='grc' dir='ltr'><em>ΙΙ,</em></span> <span class='ocrx_word' id='word_1_187' title='bbox 1366 2371 1447 2434; x_wconf 82' lang='grc'><em>73</em></span> <span class='ocrx_word' id='word_1_188' title='bbox 1495 2373 1580 2436; x_wconf 91' lang='lat' dir='ltr'><em>ad</em></span> <span class='ocrx_word' id='word_1_189' title='bbox 1621 2391 1684 2436; x_wconf 89' lang='lat' dir='ltr'><em>se</em></span> <span class='ocrx_word' id='word_1_190' title='bbox 1718 2373 2162 2452; x_wconf 74' lang='lat' dir='ltr'><em>eoeercitumque</em></span> <span class='ocrx_word' id='word_1_191' title='bbox 2198 2373 2505 2435; x_wconf 86' lang='lat' dir='ltr'><em>tuendum.</em></span> <span class='ocrx_word' id='word_1_192' title='bbox 2582 2371 2667 2456; x_wconf 92' lang='grc' dir='ltr'><em>ΙΙ,</em></span> <span class='ocrx_word' id='word_1_193' title='bbox 2706 2372 2790 2436; x_wconf 89' lang='grc'><em>89</em></span> 
     </span>
     <span class='ocr_line' id='line_1_21' title="bbox 331 2476 2793 2560; baseline 0.001 -20"><span class='ocrx_word' id='word_1_194' title='bbox 331 2480 644 2559; x_wconf 85' lang='lat' dir='ltr'><em>principes</em></span> <span class='ocrx_word' id='word_1_195' title='bbox 669 2480 794 2544; x_wconf 85' lang='lat' dir='ltr'><em>viri</em></span> <span class='ocrx_word' id='word_1_196' title='bbox 813 2479 899 2542; x_wconf 92' lang='lat' dir='ltr'><em>ad</em></span> <span class='ocrx_word' id='word_1_197' title='bbox 923 2477 1272 2542; x_wconf 89' lang='lat' dir='ltr'><em>ornandam</em></span> <span class='ocrx_word' id='word_1_198' title='bbox 1290 2476 1499 2540; x_wconf 89' lang='lat' dir='ltr'><em>urbem</em></span> <span class='ocrx_word' id='word_1_199' title='bbox 1518 2477 1727 2541; x_wconf 89' lang='lat' dir='ltr'><em>inlecti</em></span> <span class='ocrx_word' id='word_1_200' title='bbox 1752 2482 1912 2541; x_wconf 88' lang='lat' dir='ltr'><em>sunt.</em></span> <span class='ocrx_word' id='word_1_201' title='bbox 1959 2476 2043 2560; x_wconf 93' lang='grc' dir='ltr'><em>ΙΙ,</em></span> <span class='ocrx_word' id='word_1_202' title='bbox 2063 2478 2149 2541; x_wconf 86' lang='grc'><em>94</em></span> <span class='ocrx_word' id='word_1_203' title='bbox 2168 2480 2393 2543; x_wconf 86' lang='lat' dir='ltr'><em>missus</em></span> <span class='ocrx_word' id='word_1_204' title='bbox 2410 2478 2497 2541; x_wconf 93' lang='lat' dir='ltr'><em>ad</em></span> <span class='ocrx_word' id='word_1_205' title='bbox 2511 2479 2793 2543; x_wconf 81' lang='lat' dir='ltr'><em>visendas</em></span> 
     </span>
     <span class='ocr_line' id='line_1_22' title="bbox 343 2581 2791 2667; baseline -0 -17"><span class='ocrx_word' id='word_1_206' title='bbox 343 2585 835 2667; x_wconf 80' lang='lat' dir='ltr'><em>ordinandasque</em></span> <span class='ocrx_word' id='word_1_207' title='bbox 869 2584 1240 2667; x_wconf 78' lang='lat' dir='ltr'><em>provincias.</em></span> <span class='ocrx_word' id='word_1_208' title='bbox 1314 2581 1405 2666; x_wconf 98' lang='grc' dir='ltr'><em>ΙΙ,</em></span> <span class='ocrx_word' id='word_1_209' title='bbox 1450 2583 1568 2648; x_wconf 91' lang='grc'><em>121</em></span> <span class='ocrx_word' id='word_1_210' title='bbox 1619 2584 1957 2649; x_wconf 86' lang='lat' dir='ltr'><em>absurdum</em></span> <span class='ocrx_word' id='word_1_211' title='bbox 1994 2589 2127 2649; x_wconf 79' lang='lat' dir='ltr'><em>erat</em></span> <span class='ocrx_word' id='word_1_212' title='bbox 2171 2634 2185 2648; x_wconf 95' lang='lat'><em>.</em></span> <span class='ocrx_word' id='word_1_213' title='bbox 2226 2633 2239 2648; x_wconf 94' lang='lat'><em>.</em></span> <span class='ocrx_word' id='word_1_214' title='bbox 2278 2635 2292 2650; x_wconf 96' lang='lat'><em>.</em></span> <span class='ocrx_word' id='word_1_215' title='bbox 2338 2585 2447 2665; x_wconf 80' lang='lat' dir='ltr'><em>qui</em></span> <span class='ocrx_word' id='word_1_216' title='bbox 2491 2585 2577 2649; x_wconf 89' lang='lat' dir='ltr'><em>ad</em></span> <span class='ocrx_word' id='word_1_217' title='bbox 2620 2605 2791 2667; x_wconf 89' lang='lat' dir='ltr'><em>opem</em></span> 
     </span>
     <span class='ocr_line' id='line_1_23' title="bbox 324 2691 2788 2773; baseline 0 -17"><span class='ocrx_word' id='word_1_218' title='bbox 324 2693 655 2773; x_wconf 78' lang='lat' dir='ltr'><em>ferendam</em></span> <span class='ocrx_word' id='word_1_219' title='bbox 694 2693 938 2773; x_wconf 88' lang='lat' dir='ltr'><em>primus</em></span> <span class='ocrx_word' id='word_1_220' title='bbox 973 2696 1108 2755; x_wconf 87' lang='lat' dir='ltr'><em>erat</em></span> <span class='ocrx_word' id='word_1_221' title='bbox 1141 2692 1228 2755; x_wconf 85' lang='lat' dir='ltr'><em>ad</em></span> <span class='ocrx_word' id='word_1_222' title='bbox 1268 2692 1708 2755; x_wconf 87' lang='lat' dir='ltr'><em>vindicandum</em></span> <span class='ocrx_word' id='word_1_223' title='bbox 1752 2691 2038 2756; x_wconf 81' lang='lat' dir='ltr'><em>honorem</em></span> <span class='ocrx_word' id='word_1_224' title='bbox 2073 2712 2198 2756; x_wconf 91' lang='lat' dir='ltr'><em>non</em></span> <span class='ocrx_word' id='word_1_225' title='bbox 2244 2692 2513 2756; x_wconf 86' lang='lat' dir='ltr'><em>iudicari</em></span> <span class='ocrx_word' id='word_1_226' title='bbox 2545 2712 2788 2773; x_wconf 89' lang='lat' dir='ltr'><em>parem.</em></span> 
     </span>
     <span class='ocr_line' id='line_1_24' title="bbox 327 2798 2793 2882; baseline 0.001 -21"><span class='ocrx_word' id='word_1_227' title='bbox 327 2798 428 2881; x_wconf 93' lang='grc' dir='ltr'><em>ΙΙ,</em></span> <span class='ocrx_word' id='word_1_228' title='bbox 484 2799 613 2861; x_wconf 83' lang='grc'><em>123</em></span> <span class='ocrx_word' id='word_1_229' title='bbox 668 2798 892 2864; x_wconf 85' lang='lat' dir='ltr'><em>Caesar</em></span> <span class='ocrx_word' id='word_1_230' title='bbox 936 2800 1258 2881; x_wconf 70' lang='lat' dir='ltr'><em>Auyustus</em></span> <span class='ocrx_word' id='word_1_231' title='bbox 1302 2820 1440 2863; x_wconf 91' lang='lat' dir='ltr'><em>cum</em></span> <span class='ocrx_word' id='word_1_232' title='bbox 1487 2848 1500 2862; x_wconf 93' lang='lat'><em>.</em></span> <span class='ocrx_word' id='word_1_233' title='bbox 1540 2849 1554 2862; x_wconf 94' lang='lat'><em>.</em></span> <span class='ocrx_word' id='word_1_234' title='bbox 1591 2848 1606 2863; x_wconf 97' lang='lat'><em>.</em></span> <span class='ocrx_word' id='word_1_235' title='bbox 1648 2799 1981 2872; x_wconf 80' lang='lat' dir='ltr'><em>Tiberium</em></span> <span class='ocrx_word' id='word_1_236' title='bbox 2033 2800 2238 2882; x_wconf 74' lang='lat' dir='ltr'><em>filium</em></span> <span class='ocrx_word' id='word_1_237' title='bbox 2282 2801 2587 2864; x_wconf 86' lang='lat' dir='ltr'><em>missurus</em></span> <span class='ocrx_word' id='word_1_238' title='bbox 2645 2806 2793 2864; x_wconf 91' lang='lat' dir='ltr'><em>esset</em></span> 
     </span>
     <span class='ocr_line' id='line_1_25' title="bbox 331 2902 2789 2989; baseline 0.001 -20"><span class='ocrx_word' id='word_1_239' title='bbox 331 2906 403 2969; x_wconf 81' lang='lat' dir='ltr'><em>in</em></span> <span class='ocrx_word' id='word_1_240' title='bbox 451 2902 782 2987; x_wconf 72' lang='lat' dir='ltr'><em>Illyricum</em></span> <span class='ocrx_word' id='word_1_241' title='bbox 826 2908 914 2970; x_wconf 88' lang='lat' dir='ltr'><em>ad</em></span> <span class='ocrx_word' id='word_1_242' title='bbox 953 2907 1270 2987; x_wconf 75' lang='lat' dir='ltr'><em>firmanda</em></span> <span class='ocrx_word' id='word_1_243' title='bbox 1303 2927 1458 2987; x_wconf 87' lang='lat' dir='ltr'><em>paee</em></span> <span class='ocrx_word' id='word_1_244' title='bbox 1501 2925 1658 2985; x_wconf 77' lang='lat' dir='ltr'><em>quae</em></span> <span class='ocrx_word' id='word_1_245' title='bbox 1704 2906 1852 2969; x_wconf 91' lang='lat' dir='ltr'><em>bello</em></span> <span class='ocrx_word' id='word_1_246' title='bbox 1898 2906 2226 2988; x_wconf 71' lang='lat' dir='ltr'><em>subeqcrat.</em></span> <span class='ocrx_word' id='word_1_247' title='bbox 2320 2906 2413 2989; x_wconf 89' lang='grc' dir='ltr'><em>ΙΙ,</em></span> <span class='ocrx_word' id='word_1_248' title='bbox 2465 2907 2588 2971; x_wconf 89' lang='grc'><em>128</em></span> <span class='ocrx_word' id='word_1_249' title='bbox 2643 2906 2789 2971; x_wconf 79' lang='lat' dir='ltr'><em>haec</em></span> 
     </span>
     <span class='ocr_line' id='line_1_26' title="bbox 333 3010 2794 3094; baseline 0.002 -20"><span class='ocrx_word' id='word_1_250' title='bbox 333 3011 653 3076; x_wconf 86' lang='lat' dir='ltr'><em>naturalis</em></span> <span class='ocrx_word' id='word_1_251' title='bbox 705 3014 965 3094; x_wconf 69' lang='lat' dir='ltr'><em>exempli</em></span> <span class='ocrx_word' id='word_1_252' title='bbox 1025 3014 1292 3076; x_wconf 85' lang='lat' dir='ltr'><em>imitatio</em></span> <span class='ocrx_word' id='word_1_253' title='bbox 1355 3014 1440 3077; x_wconf 89' lang='lat' dir='ltr'><em>ad</em></span> <span class='ocrx_word' id='word_1_254' title='bbox 1499 3014 1931 3092; x_wconf 77' lang='lat' dir='ltr'><em>experiendum</em></span> <span class='ocrx_word' id='word_1_255' title='bbox 1983 3010 2281 3076; x_wconf 84' lang='lat' dir='ltr'><em>Seianum</em></span> <span class='ocrx_word' id='word_1_256' title='bbox 2330 3013 2653 3078; x_wconf 83' lang='lat' dir='ltr'><em>Caesarem</em></span> <span class='ocrx_word' id='word_1_257' title='bbox 2706 3014 2794 3079; x_wconf 89' lang='lat' dir='ltr'><em>ad</em></span> 
     </span>
     <span class='ocr_line' id='line_1_27' title="bbox 349 3116 2786 3203; baseline 0.001 -22"><span class='ocrx_word' id='word_1_258' title='bbox 349 3120 611 3183; x_wconf 86' lang='lat' dir='ltr'><em>iuvanda</em></span> <span class='ocrx_word' id='word_1_259' title='bbox 664 3140 803 3183; x_wconf 85' lang='lat' dir='ltr'><em>vero</em></span> <span class='ocrx_word' id='word_1_260' title='bbox 860 3140 1047 3183; x_wconf 92' lang='lat' dir='ltr'><em>onera</em></span> <span class='ocrx_word' id='word_1_261' title='bbox 1097 3119 1409 3201; x_wconf 86' lang='lat' dir='ltr'><em>principis</em></span> <span class='ocrx_word' id='word_1_262' title='bbox 1462 3116 1763 3183; x_wconf 82' lang='lat' dir='ltr'><em>Seianum</em></span> <span class='ocrx_word' id='word_1_263' title='bbox 1806 3118 2103 3199; x_wconf 75' lang='lat' dir='ltr'><em>propulit.</em></span> <span class='ocrx_word' id='word_1_264' title='bbox 2198 3116 2347 3182; x_wconf 87' lang='lat' dir='ltr'><strong>Sall.</strong></span> <span class='ocrx_word' id='word_1_265' title='bbox 2396 3117 2535 3183; x_wconf 77' lang='lat' dir='ltr'><em>Cat.</em></span> <span class='ocrx_word' id='word_1_266' title='bbox 2589 3120 2696 3203; x_wconf 89' lang='lat'><em>18,</em></span> <span class='ocrx_word' id='word_1_267' title='bbox 2743 3121 2786 3183; x_wconf 89' lang='lat'>4</span> 
     </span>
     <span class='ocr_line' id='line_1_28' title="bbox 339 3224 2785 3308; baseline 0 -19"><span class='ocrx_word' id='word_1_268' title='bbox 339 3226 430 3289; x_wconf 91' lang='lat' dir='ltr'><em>ad</em></span> <span class='ocrx_word' id='word_1_269' title='bbox 452 3224 946 3307; x_wconf 91' lang='lat' dir='ltr'><em>perturbandam</em></span> <span class='ocrx_word' id='word_1_270' title='bbox 989 3226 1423 3308; x_wconf 78' lang='lat' dir='ltr'><em>rempublicam</em></span> <span class='ocrx_word' id='word_1_271' title='bbox 1458 3225 1676 3306; x_wconf 84' lang='lat' dir='ltr'><em>inopia</em></span> <span class='ocrx_word' id='word_1_272' title='bbox 1711 3229 1892 3307; x_wconf 80' lang='lat' dir='ltr'><em>atque</em></span> <span class='ocrx_word' id='word_1_273' title='bbox 1936 3225 2091 3288; x_wconf 89' lang='lat' dir='ltr'><em>mali</em></span> <span class='ocrx_word' id='word_1_274' title='bbox 2126 3244 2322 3289; x_wconf 88' lang='lat' dir='ltr'><em>mores</em></span> <span class='ocrx_word' id='word_1_275' title='bbox 2364 3225 2785 3290; x_wconf 88' lang='lat' dir='ltr'><em>stimulabant.</em></span> 
     </span>
     <span class='ocr_line' id='line_1_29' title="bbox 341 3331 2783 3414; baseline 0 -19"><span class='ocrx_word' id='word_1_276' title='bbox 341 3332 451 3414; x_wconf 87' lang='lat'><em>18,</em></span> <span class='ocrx_word' id='word_1_277' title='bbox 497 3332 538 3395; x_wconf 86' lang='lat'>5</span> <span class='ocrx_word' id='word_1_278' title='bbox 612 3333 724 3395; x_wconf 90' lang='lat' dir='ltr'><em>ad·</em></span> <span class='ocrx_word' id='word_1_279' title='bbox 759 3332 1114 3397; x_wconf 87' lang='lat' dir='ltr'><em>obtinendas</em></span> <span class='ocrx_word' id='word_1_280' title='bbox 1177 3334 1332 3397; x_wconf 86' lang='lat' dir='ltr'><em>duas</em></span> <span class='ocrx_word' id='word_1_281' title='bbox 1385 3332 1741 3414; x_wconf 88' lang='lat' dir='ltr'><em>Hispanias</em></span> <span class='ocrx_word' id='word_1_282' title='bbox 1803 3332 2052 3396; x_wconf 85' lang='lat' dir='ltr'><em>mittere.</em></span> <span class='ocrx_word' id='word_1_283' title='bbox 2143 3331 2256 3414; x_wconf 89' lang='grc'><em>25,</em></span> <span class='ocrx_word' id='word_1_284' title='bbox 2302 3331 2343 3395; x_wconf 87' lang='grc'>5</span> <span class='ocrx_word' id='word_1_285' title='bbox 2417 3351 2488 3394; x_wconf 92' lang='lat' dir='ltr'><em>ea</em></span> <span class='ocrx_word' id='word_1_286' title='bbox 2541 3351 2637 3395; x_wconf 89' lang='lat' dir='ltr'><em>res</em></span> <span class='ocrx_word' id='word_1_287' title='bbox 2694 3333 2783 3396; x_wconf 86' lang='lat' dir='ltr'><em>in-</em></span> 
     </span>
     <span class='ocr_line' id='line_1_30' title="bbox 315 3438 2784 3520; baseline 0.001 -20"><span class='ocrx_word' id='word_1_288' title='bbox 315 3439 562 3520; x_wconf 83' lang='lat' dir='ltr'><em>primis</em></span> <span class='ocrx_word' id='word_1_289' title='bbox 623 3439 834 3503; x_wconf 88' lang='lat' dir='ltr'><em>studia</em></span> <span class='ocrx_word' id='word_1_290' title='bbox 894 3438 1214 3504; x_wconf 79' lang='lat' dir='ltr'><em>hom-inum</em></span> <span class='ocrx_word' id='word_1_291' title='bbox 1277 3439 1549 3503; x_wconf 87' lang='lat' dir='ltr'><em>accendit</em></span> <span class='ocrx_word' id='word_1_292' title='bbox 1608 3440 1709 3503; x_wconf 54' lang='lat' dir='ltr'><em>ad*</em></span> <span class='ocrx_word' id='word_1_293' title='bbox 1756 3438 2140 3502; x_wconf 89' lang='lat' dir='ltr'><em>consulatum</em></span> <span class='ocrx_word' id='word_1_294' title='bbox 2203 3438 2630 3501; x_wconf 85' lang='lat' dir='ltr'><em>mandandum</em></span> <span class='ocrx_word' id='word_1_295' title='bbox 2688 3439 2784 3502; x_wconf 87' lang='lat' dir='ltr'><em>M.</em></span> 
     </span>
     <span class='ocr_line' id='line_1_31' title="bbox 331 3542 2784 3629; baseline 0 -20"><span class='ocrx_word' id='word_1_296' title='bbox 331 3544 544 3609; x_wconf 83' lang='lat' dir='ltr'><em>Tullio</em></span> <span class='ocrx_word' id='word_1_297' title='bbox 592 3542 887 3609; x_wconf 85' lang='lat' dir='ltr'><em>Ciceroni.</em></span> <span class='ocrx_word' id='word_1_298' title='bbox 962 3546 1074 3629; x_wconf 89' lang='grc'><em>27,</em></span> <span class='ocrx_word' id='word_1_299' title='bbox 1113 3546 1156 3608; x_wconf 90' lang='lat'>4</span> <span class='ocrx_word' id='word_1_300' title='bbox 1200 3546 1365 3610; x_wconf 87' lang='lat' dir='ltr'><em>docet</em></span> <span class='ocrx_word' id='word_1_301' title='bbox 1405 3565 1468 3609; x_wconf 89' lang='lat' dir='ltr'><em>se</em></span> <span class='ocrx_word' id='word_1_302' title='bbox 1512 3544 1836 3609; x_wconf 88' lang='lat' dir='ltr'><em>Manlium</em></span> <span class='ocrx_word' id='word_1_303' title='bbox 1867 3544 2266 3625; x_wconf 84' lang='lat' dir='ltr'><em>praemisisse</em></span> <span class='ocrx_word' id='word_1_304' title='bbox 2308 3545 2394 3607; x_wconf 91' lang='lat' dir='ltr'><em>ad</em></span> <span class='ocrx_word' id='word_1_305' title='bbox 2445 3564 2581 3608; x_wconf 90' lang='lat' dir='ltr'><em>eam</em></span> <span class='ocrx_word' id='word_1_306' title='bbox 2624 3546 2784 3610; x_wconf 92' lang='lat' dir='ltr'><em>mul-</em></span> 
     </span>
     <span class='ocr_line' id='line_1_32' title="bbox 329 3650 2785 3734; baseline -0 -17"><span class='ocrx_word' id='word_1_307' title='bbox 329 3654 658 3717; x_wconf 86' lang='lat' dir='ltr'><em>titudinem</em></span> <span class='ocrx_word' id='word_1_308' title='bbox 701 3673 891 3734; x_wconf 77' lang='lat' dir='ltr'><em>quam</em></span> <span class='ocrx_word' id='word_1_309' title='bbox 935 3654 1022 3717; x_wconf 92' lang='lat' dir='ltr'><em>ad</em></span> <span class='ocrx_word' id='word_1_310' title='bbox 1063 3653 1372 3734; x_wconf 87' lang='lat' dir='ltr'><em>capiunda</em></span> <span class='ocrx_word' id='word_1_311' title='bbox 1419 3672 1599 3715; x_wconf 87' lang='lat' dir='ltr'><em>arma</em></span> <span class='ocrx_word' id='word_1_312' title='bbox 1633 3657 1983 3733; x_wconf 86' lang='lat' dir='ltr'><em>pacaverat.</em></span> <span class='ocrx_word' id='word_1_313' title='bbox 2064 3650 2147 3715; x_wconf 90' lang='lat'><em>31</em></span> <span class='ocrx_word' id='word_1_314' title='bbox 2161 3701 2178 3732; x_wconf 83' lang='lat'><em>‚</em></span> <span class='ocrx_word' id='word_1_315' title='bbox 2211 3651 2247 3713; x_wconf 99' lang='grc'>7</span> <span class='ocrx_word' id='word_1_316' title='bbox 2302 3654 2374 3714; x_wconf 89' lang='lat' dir='ltr'><em>ut</em></span> <span class='ocrx_word' id='word_1_317' title='bbox 2414 3656 2550 3715; x_wconf 90' lang='lat' dir='ltr'><em>erat</em></span> <span class='ocrx_word' id='word_1_318' title='bbox 2590 3673 2785 3733; x_wconf 90' lang='lat' dir='ltr'><em>para-</em></span> 
     </span>
     <span class='ocr_line' id='line_1_33' title="bbox 328 3758 2780 3841; baseline -0.001 -16"><span class='ocrx_word' id='word_1_319' title='bbox 328 3765 432 3825; x_wconf 88' lang='lat' dir='ltr'><em>tus</em></span> <span class='ocrx_word' id='word_1_320' title='bbox 493 3761 580 3825; x_wconf 90' lang='lat' dir='ltr'><em>ad</em></span> <span class='ocrx_word' id='word_1_321' title='bbox 639 3759 1092 3824; x_wconf 88' lang='lat' dir='ltr'><em>dissimulanda</em></span> <span class='ocrx_word' id='word_1_322' title='bbox 1163 3759 1390 3824; x_wconf 91' lang='lat' dir='ltr'><em>omnia.</em></span> <span class='ocrx_word' id='word_1_323' title='bbox 1489 3758 1602 3841; x_wconf 87' lang='lat'><em>46,</em></span> <span class='ocrx_word' id='word_1_324' title='bbox 1650 3758 1691 3821; x_wconf 84' lang='lat'><strong>3</strong></span> <span class='ocrx_word' id='word_1_325' title='bbox 1760 3760 1847 3822; x_wconf 89' lang='lat' dir='ltr'><em>ad</em></span> <span class='ocrx_word' id='word_1_326' title='bbox 1906 3758 2269 3823; x_wconf 87' lang='lat' dir='ltr'><em>concitanda</em></span> <span class='ocrx_word' id='word_1_327' title='bbox 2330 3758 2581 3821; x_wconf 85' lang='lat' dir='ltr'><em>servitia</em></span> <span class='ocrx_word' id='word_1_328' title='bbox 2632 3779 2780 3839; x_wconf 89' lang='lat' dir='ltr'><em>pro-</em></span> 
     </span>
     <span class='ocr_line' id='line_1_34' title="bbox 324 3864 2783 3949; baseline -0 -19"><span class='ocrx_word' id='word_1_329' title='bbox 324 3867 524 3949; x_wconf 71' lang='lat' dir='ltr'><em>ficisci</em></span> <span class='ocrx_word' id='word_1_330' title='bbox 582 3866 873 3947; x_wconf 89' lang='lat' dir='ltr'><em>parabat.</em></span> <span class='ocrx_word' id='word_1_331' title='bbox 973 3866 1086 3949; x_wconf 85' lang='lat'><em>50,</em></span> <span class='ocrx_word' id='word_1_332' title='bbox 1139 3866 1172 3928; x_wconf 91' lang='lat'>1</span> <span class='ocrx_word' id='word_1_333' title='bbox 1244 3864 1487 3946; x_wconf 66' lang='lat' dir='ltr'><em>opifices</em></span> <span class='ocrx_word' id='word_1_334' title='bbox 1539 3869 1719 3946; x_wconf 77' lang='lat' dir='ltr'><em>atque</em></span> <span class='ocrx_word' id='word_1_335' title='bbox 1771 3866 2023 3930; x_wconf 81' lang='lat' dir='ltr'><em>servitia</em></span> <span class='ocrx_word' id='word_1_336' title='bbox 2074 3866 2161 3929; x_wconf 92' lang='lat' dir='ltr'><em>ad</em></span> <span class='ocrx_word' id='word_1_337' title='bbox 2210 3883 2346 3927; x_wconf 90' lang='lat' dir='ltr'><em>eum</em></span> <span class='ocrx_word' id='word_1_338' title='bbox 2400 3864 2783 3944; x_wconf 90' lang='lat' dir='ltr'><em>eripiendum</em></span> 
     </span>
     <span class='ocr_line' id='line_1_35' title="bbox 323 3970 2781 4056; baseline -0.001 -19"><span class='ocrx_word' id='word_1_339' title='bbox 323 3972 763 4037; x_wconf 79' lang='lat' dir='ltr'><em>sollicitabant.</em></span> <span class='ocrx_word' id='word_1_340' title='bbox 835 3970 974 4056; x_wconf 87' lang='lat' dir='ltr'><em>Iug.</em></span> <span class='ocrx_word' id='word_1_341' title='bbox 1025 3972 1094 4055; x_wconf 83' lang='lat'><em>5,</em></span> <span class='ocrx_word' id='word_1_342' title='bbox 1141 3972 1181 4035; x_wconf 84' lang='lat'><strong>3</strong></span> <span class='ocrx_word' id='word_1_343' title='bbox 1217 3991 1427 4053; x_wconf 89' lang='lat' dir='ltr'><em>pauca</em></span> <span class='ocrx_word' id='word_1_344' title='bbox 1471 3991 1665 4052; x_wconf 88' lang='lat' dir='ltr'><em>supra</em></span> <span class='ocrx_word' id='word_1_345' title='bbox 1708 3977 1977 4053; x_wconf 89' lang='lat' dir='ltr'><em>repetam</em></span> <span class='ocrx_word' id='word_1_346' title='bbox 2019 3992 2138 4053; x_wconf 79' lang='lat' dir='ltr'><em>quo</em></span> <span class='ocrx_word' id='word_1_347' title='bbox 2182 3972 2269 4035; x_wconf 92' lang='lat' dir='ltr'><em>ad</em></span> <span class='ocrx_word' id='word_1_348' title='bbox 2308 3971 2781 4051; x_wconf 75' lang='lat' dir='ltr'><em>coynoseendum</em></span> 
     </span>
     <span class='ocr_line' id='line_1_36' title="bbox 329 4079 2772 4161; baseline -0.002 -18"><span class='ocrx_word' id='word_1_349' title='bbox 329 4080 542 4143; x_wconf 90' lang='lat' dir='ltr'><em>omnia</em></span> <span class='ocrx_word' id='word_1_350' title='bbox 582 4079 858 4143; x_wconf 82' lang='lat' dir='ltr'><em>illustria</em></span> <span class='ocrx_word' id='word_1_351' title='bbox 901 4080 1100 4161; x_wconf 71' lang='lat' dir='ltr'><em>maqis</em></span> <span class='ocrx_word' id='word_1_352' title='bbox 1133 4079 1445 4161; x_wconf 74' lang='lat' dir='ltr'><em>mayisque</em></span> <span class='ocrx_word' id='word_1_353' title='bbox 1488 4080 1559 4142; x_wconf 85' lang='lat' dir='ltr'><em>in</em></span> <span class='ocrx_word' id='word_1_354' title='bbox 1601 4084 1813 4160; x_wconf 86' lang='lat' dir='ltr'><em>aperto</em></span> <span class='ocrx_word' id='word_1_355' title='bbox 1856 4079 2000 4143; x_wconf 90' lang='lat' dir='ltr'><em>sint.</em></span> <span class='ocrx_word' id='word_1_356' title='bbox 2073 4079 2141 4161; x_wconf 91' lang='grc'><em>6,</em></span> <span class='ocrx_word' id='word_1_357' title='bbox 2180 4079 2219 4141; x_wconf 88' lang='grc'><strong>3</strong></span> <span class='ocrx_word' id='word_1_358' title='bbox 2265 4082 2497 4141; x_wconf 89' lang='lat' dir='ltr'><em>natura</em></span> <span class='ocrx_word' id='word_1_359' title='bbox 2540 4080 2772 4141; x_wconf 88' lang='lat' dir='ltr'><em>morta-</em></span> 
     </span>
    </p>

    <p class='ocr_par' dir='ltr' id='par_1_3' title="bbox 337 4182 2755 4267">
     <span class='ocr_line' id='line_1_37' title="bbox 337 4182 2755 4267; baseline -0.002 -18"><span class='ocrx_word' id='word_1_360' title='bbox 337 4186 498 4249; x_wconf 89' lang='lat' dir='ltr'><em>lium</em></span> <span class='ocrx_word' id='word_1_361' title='bbox 533 4185 945 4266; x_wconf 85' lang='lat' dir='ltr'><em>avidaimperi</em></span> <span class='ocrx_word' id='word_1_362' title='bbox 980 4191 1037 4249; x_wconf 89' lang='lat' dir='ltr'><em>et</em></span> <span class='ocrx_word' id='word_1_363' title='bbox 1059 4205 1352 4266; x_wconf 84' lang='lat' dir='ltr'><em>praeceps</em></span> <span class='ocrx_word' id='word_1_364' title='bbox 1387 4186 1474 4249; x_wconf 92' lang='lat' dir='ltr'><em>ad</em></span> <span class='ocrx_word' id='word_1_365' title='bbox 1505 4186 1867 4266; x_wconf 68' lang='lat' dir='ltr'><em>emplendam</em></span> <span class='ocrx_word' id='word_1_366' title='bbox 1902 4186 2106 4249; x_wconf 90' lang='lat' dir='ltr'><em>animi</em></span> <span class='ocrx_word' id='word_1_367' title='bbox 2141 4185 2507 4266; x_wconf 57' lang='lat' dir='ltr'><em>ciwpidinem.</em></span> <span class='ocrx_word' id='word_1_368' title='bbox 2577 4182 2676 4267; x_wconf 92' lang='grc'><em>12,</em></span> <span class='ocrx_word' id='word_1_369' title='bbox 2714 4183 2755 4246; x_wconf 92' lang='grc'>2</span> 
     </span>
    </p>

    <p class='ocr_par' dir='ltr' id='par_1_4' title="bbox 309 4290 2778 4695">
     <span class='ocr_line' id='line_1_38' title="bbox 325 4290 2778 4373; baseline -0.002 -16"><span class='ocrx_word' id='word_1_370' title='bbox 325 4298 570 4373; x_wconf 84' lang='lat' dir='ltr'><em>tempus</em></span> <span class='ocrx_word' id='word_1_371' title='bbox 628 4292 715 4355; x_wconf 92' lang='lat' dir='ltr'><em>ad</em></span> <span class='ocrx_word' id='word_1_372' title='bbox 771 4295 1094 4372; x_wconf 81' lang='lat' dir='ltr'><em>utramque</em></span> <span class='ocrx_word' id='word_1_373' title='bbox 1155 4312 1285 4355; x_wconf 89' lang='lat' dir='ltr'><em>rem</em></span> <span class='ocrx_word' id='word_1_374' title='bbox 1359 4291 1702 4355; x_wconf 86' lang='lat' dir='ltr'><em>decernitur</em></span> <span class='ocrx_word' id='word_1_375' title='bbox 1762 4292 1869 4356; x_wconf 89' lang='lat' dir='ltr'><em>sed</em></span> <span class='ocrx_word' id='word_1_376' title='bbox 1927 4291 2237 4355; x_wconf 82' lang='lat' dir='ltr'><em>maturius</em></span> <span class='ocrx_word' id='word_1_377' title='bbox 2308 4292 2395 4354; x_wconf 89' lang='lat' dir='ltr'><em>ad</em></span> <span class='ocrx_word' id='word_1_378' title='bbox 2442 4290 2778 4371; x_wconf 84' lang='lat' dir='ltr'><em>pecuniam</em></span> 
     </span>
     <span class='ocr_line' id='line_1_39' title="bbox 324 4396 2778 4481; baseline -0 -17"><span class='ocrx_word' id='word_1_379' title='bbox 324 4398 835 4464; x_wconf 86' lang='lat' dir='ltr'><em>distribuendam.</em></span> <span class='ocrx_word' id='word_1_380' title='bbox 890 4397 995 4481; x_wconf 91' lang='grc'><em>29,</em></span> <span class='ocrx_word' id='word_1_381' title='bbox 1036 4399 1072 4461; x_wconf 99' lang='grc'>7</span> <span class='ocrx_word' id='word_1_382' title='bbox 1122 4396 1500 4479; x_wconf 87' lang='lat' dir='ltr'><em>Calpurnius</em></span> <span class='ocrx_word' id='word_1_383' title='bbox 1552 4397 1824 4462; x_wconf 89' lang='lat' dir='ltr'><em>Romam</em></span> <span class='ocrx_word' id='word_1_384' title='bbox 1886 4397 1972 4460; x_wconf 90' lang='lat' dir='ltr'><em>ad</em></span> <span class='ocrx_word' id='word_1_385' title='bbox 2021 4397 2422 4479; x_wconf 74' lang='lat' dir='ltr'><em>mayistratus</em></span> <span class='ocrx_word' id='word_1_386' title='bbox 2474 4398 2778 4480; x_wconf 73' lang='lat' dir='ltr'><em>royandos</em></span> 
     </span>
     <span class='ocr_line' id='line_1_40' title="bbox 309 4503 2776 4590; baseline -0.001 -19"><span class='ocrx_word' id='word_1_387' title='bbox 309 4505 754 4590; x_wconf 71' lang='lat' dir='ltr'><em>proficiscitur.</em></span> <span class='ocrx_word' id='word_1_388' title='bbox 825 4503 978 4569; x_wconf 73' lang='lat' dir='ltr'><em>hist.</em></span> <span class='ocrx_word' id='word_1_389' title='bbox 1025 4503 1083 4586; x_wconf 93' lang='grc' dir='ltr'><em>Ι,</em></span> <span class='ocrx_word' id='word_1_390' title='bbox 1130 4505 1244 4588; x_wconf 90' lang='grc'><em>41,</em></span> <span class='ocrx_word' id='word_1_391' title='bbox 1282 4503 1368 4568; x_wconf 90' lang='grc'><em>25</em></span> <span class='ocrx_word' id='word_1_392' title='bbox 1429 4505 1681 4585; x_wconf 85' lang='lat' dir='ltr'><em>accipite</em></span> <span class='ocrx_word' id='word_1_393' title='bbox 1743 4506 1937 4570; x_wconf 89' lang='lat' dir='ltr'><em>otium</em></span> <span class='ocrx_word' id='word_1_394' title='bbox 1997 4524 2135 4569; x_wconf 79' lang='lat' dir='ltr'><em>cum</em></span> <span class='ocrx_word' id='word_1_395' title='bbox 2206 4505 2452 4569; x_wconf 83' lang='lat' dir='ltr'><em>servitio</em></span> <span class='ocrx_word' id='word_1_396' title='bbox 2523 4508 2580 4568; x_wconf 88' lang='lat' dir='ltr'><em>et</em></span> <span class='ocrx_word' id='word_1_397' title='bbox 2650 4509 2776 4569; x_wconf 86' lang='lat' dir='ltr'><em>tra-</em></span> 
     </span>
     <span class='ocr_line' id='line_1_41' title="bbox 324 4596 2776 4695; baseline 0 -17"><span class='ocrx_word' id='word_1_398' title='bbox 324 4613 452 4679; x_wconf 85' lang='lat' dir='ltr'><em>dite</em></span> <span class='ocrx_word' id='word_1_399' title='bbox 487 4596 830 4694; x_wconf 62' lang='lat' dir='ltr'><em>eaemplum</em></span> <span class='ocrx_word' id='word_1_400' title='bbox 854 4610 1118 4694; x_wconf 89' lang='lat' dir='ltr'><em>posteris</em></span> <span class='ocrx_word' id='word_1_401' title='bbox 1153 4612 1241 4677; x_wconf 92' lang='lat' dir='ltr'><em>ad</em></span> <span class='ocrx_word' id='word_1_402' title='bbox 1280 4632 1410 4675; x_wconf 90' lang='lat' dir='ltr'><em>rem</em></span> <span class='ocrx_word' id='word_1_403' title='bbox 1441 4610 1760 4694; x_wconf 81' lang='lat' dir='ltr'><em>publicam</em></span> <span class='ocrx_word' id='word_1_404' title='bbox 1795 4612 2018 4677; x_wconf 90' lang='lat' dir='ltr'><em>suimet</em></span> <span class='ocrx_word' id='word_1_405' title='bbox 2050 4616 2108 4676; x_wconf 88' lang='lat' dir='ltr'><em>et</em></span> <span class='ocrx_word' id='word_1_406' title='bbox 2148 4611 2477 4695; x_wconf 71' lang='lat' dir='ltr'><em>sanquinis</em></span> <span class='ocrx_word' id='word_1_407' title='bbox 2519 4612 2776 4679; x_wconf 86' lang='lat' dir='ltr'><em>circum-</em></span> 
     </span>
    </p>
   </div>
  </div>
 </body>
</html>
