3303 5235
1239 293 1538 364 Appendix
1575 293 1787 352 critica.
2148 331 2155 338 -
2610 291 2735 354 129

282 459 534 524 huiusce
597 461 762 524 modi
820 460 1068 542 saepius
1122 459 1384 524 dicundo
1437 458 1777 522 Memmius
1825 457 2056 538 populo
2098 457 2444 538 persuadet.
2534 457 2649 538 46,
2696 456 2739 520 4
2798 535 2820 545 ,

283 566 487 629 multa
521 565 866 646 pollicendo
891 565 1240 646 persuadet.
1317 565 1428 647 70,
1459 565 1498 628 2
1545 536 1757 628 ovinia
1802 565 2149 645 temptando
2194 565 2426 628 socium
2470 563 2589 628 sai
2634 564 2741 627 ad-

284 671 494 753 iuuyit
546 671 952 736 Nabdalsam.
1045 671 1126 734 81
1141 719 1158 753 ,
1203 671 1247 734 4
1299 691 1377 734 ue
1430 689 1638 734 moras
1690 669 1983 751 ayitaudo
2038 669 2219 734 atiud
2266 689 2456 750 quam
2495 668 2740 758 ‘bellum

284 778 513 843 mallet.
597 779 710 861 85,
757 779 839 842 21
903 799 1110 842 eorum
1162 773 1540 861 (maiorum)
1606 775 1777 855 faeta
1830 777 2221 842 memorando
2274 776 2563 840 clariores
2619 795 2743 840 sese

275 887 531 964 putarit.
605 884 716 967 85,
747 885 832 948 36
878 881 1024 948 haee
1069 889 1248 965 atque
1293 884 1452 948 talia
1495 883 1761 946 maiores
1803 883 1987 948 vestri
2027 883 2323 962 faciundo
2368 902 2545 964 seque
2588 903 2741 948 rem-

277 990 600 1072 publicam
635 991 1014 1055 celebravere.
1093 991 1206 1071 89,
1242 991 1274 1052 1
1312 989 1604 1070 praemia
1641 991 1993 1054 ostentando
2030 993 2299 1054 avortere
2342 989 2420 1053 ab
2456 989 2740 1054 hostibus.

286 1096 438 1160 hist.
485 1095 544 1179 Ι,
579 1097 694 1180 48,
742 1098 783 1161 6
827 1096 948 1162 sibi
991 1097 1243 1178 quisque
1287 1117 1426 1178 opes
1470 1100 1582 1160 aut
1613 1097 1974 1176 patrocinia
2018 1096 2372 1177 quaerundo
2418 1097 2742 1162 eonsilium

281 1203 600 1284 publicum
645 1208 1123 1284 eorrumperuut.
1196 1202 1278 1280 II,
1308 1203 1412 1283 96,
1443 1202 1482 1265 2
1525 1202 1723 1282 fessus
1759 1202 2083 1268 scribundo
2118 1203 2536 1284 mittundoque
2582 1203 2740 1286 ἱερα-

293 1315 418 1376 toa·
489 1309 618 1388 III,
665 1310 777 1392 61,
830 1311 908 1374 16
973 1329 1202 1391 magua
1255 1309 1371 1374 itta
1425 1309 1747 1404 cousutuau
1798 1308 2061 1390 imperia
2112 1313 2171 1373 et
2204 1314 2461 1391 patrum
2506 1311 2741 1374 decreta

293 1435 395 1480 vos
431 1415 802 1496 easequendo
845 1420 990 1494 rata
1025 1415 1286 1497 efficitis.
1365 1413 1478 1496 IV,
1509 1415 1612 1494 61,
1641 1415 1729 1478 20
1774 1416 2053 1482 audendo
2088 1419 2146 1480 et
2172 1416 2459 1496 fallundo
2496 1421 2554 1480 et
2586 1416 2744 1482 bella

293 1543 366 1587 ex
411 1522 582 1587 bellis
626 1523 875 1586 serendo
921 1523 1136 1604 magni
1177 1522 1348 1601 faeti.

1307 1755 1735 1762 ...—

1071 1928 1560 2032 Appendix
1615 1928 1973 2010 critioa.

1417 2109 1630 2118 ———

362 2263 512 2320 Tae.
560 2277 712 2319 ann.
759 2263 858 2331 11,
905 2265 966 2318 8.
1038 2261 1174 2328 111,
1221 2261 1325 2314 66.
1399 2259 1532 2328 III,
1581 2259 1684 2315 55.
1756 2259 1952 2328 xm,
2000 2261 2102 2315 26.
2176 2261 2349 2316 Vell.
2396 2263 2494 2329 ΙΙ,
2540 2262 2683 2316 109.

475 2423 627 2478 Tae.
676 2437 827 2477 ann.
865 2422 961 2489 11,
1000 2424 1041 2477 8
1097 2411 1406 2474 Erratum
1457 2412 1528 2474 iu
1583 2431 1675 2488 e0,
1728 2411 1893 2491 quod
1934 2431 2059 2475 nou
2111 2413 2385 2476 subvexit
2436 2417 2493 2475 et
2546 2417 2746 2476 trans-

299 2521 501 2600 posuit
545 2521 802 2584 mititem
847 2521 1094 2582 dextras
1137 2519 1209 2582 iu
1256 2523 1450 2582 terras
1495 2518 1751 2581 iturum.

479 2626 580 2691 De
623 2628 748 2691 hoc
794 2627 936 2690 loeo
985 2625 1369 2689 difficillimo
1411 2625 1787 2708 opinionum
1828 2648 1993 2709 quae
2032 2628 2289 2690 exstant
2335 2626 2458 2691 duo
2487 2648 2745 2717 „genera
2807 2617 2811 2624 Δ

307 2733 490 2797 facile
529 2733 916 2817 distinguas,
964 2731 1044 2795 ad
1082 2754 1352 2817 quorum
1392 2732 1667 2795 aIterum
1707 2736 1959 2814 spectat
1995 2730 2419 2817 Nipperdeyi,
2467 2734 2549 2798 ad
2590 2734 2748 2797 alte-

305 2860 444 2903 rum
475 2838 780 2903 Pfitzneri
794 2836 842 2923 1)
881 2839 1353 2920 interpretatio.
1429 2837 1540 2901 sed
1577 2838 1767 2902 nobis
1806 2839 2063 2921 quidem
2101 2839 2223 2903 viri
2254 2838 2356 2902 'illi
2395 2839 2750 2904 doctissimi

302 2946 470 3009 iusto
525 2946 784 3030 longius
837 2945 1167 3029 progressi
1224 2964 1364 3008 esse
1419 2944 1735 3007 videntur.
1836 2946 2177 3009 verborum
2236 2946 2406 3009 enim
2476 2970 2748 3031 quorum

306 3052 457 3115 fides
511 3053 581 3115 in
627 3051 890 3116 dubium
938 3054 1204 3115 vocatur
1258 3072 1462 3135 neque
1519 3054 1862 3133 utrumque
1910 3072 1943 3113 e
1988 3055 2175 3125 textu
2224 3054 2581 3117 eiciendum
2640 3075 2748 3116 ne-

307 3180 426 3242 que
473 3162 816 3241 utrumque
861 3158 1266 3223 retinendum
1314 3162 1430 3223 est.
1503 3180 1659 3221 nam
1714 3160 1893 3221 totus
1953 3160 2421 3224 sententiarum
2470 3182 2749 3225 conexus

308 3266 626 3349 postulat,
673 3269 748 3329 ut
790 3286 914 3329 vox
960 3264 1302 3330 Amisiae
1350 3269 1422 3329 ut
1465 3264 1695 3328 inutile
1743 3264 1989 3327 librarii
2038 3265 2305 3330 alieuius
2355 3266 2750 3331 additamen-

305 3374 441 3435 tum
479 3376 911 3455 removeatur,
959 3376 1027 3437 at
1063 3374 1328 3436 verbum
1368 3372 1758 3454 subvexit,
1806 3372 1974 3453 quod
2014 3394 2051 3435 a
2089 3374 2309 3437 multis
2348 3395 2467 3457 pro
2508 3375 2749 3458 glosse-

306 3482 478 3541 mate
522 3478 824 3561 habetur,
869 3482 1180 3561 tanquam
1226 3478 1585 3542 membrum
1633 3478 1945 3541 orationis
1994 3478 2269 3542 maxime
2315 3481 2749 3545 necessarium

306 3585 674 3648 retineatur.
749 3588 940 3668 atque
980 3588 1130 3649 ante
1170 3585 1387 3649 omnia
1425 3584 1777 3669 quaeritur,
1824 3584 1976 3666 quid
2024 3584 2146 3647 sibi
2188 3586 2341 3649 velit
2381 3586 2753 3671 Amisiae,

309 3712 496 3773 quem
547 3712 686 3754 esse
732 3692 973 3774 locum,
1021 3692 1357 3755 castellum
1395 3690 1674 3755 Pfitzner
1721 3712 1797 3753 ex
1844 3691 2367 3756 antecedentibus
2416 3694 2504 3757 ad
2548 3696 2757 3758 Ami-

309 3798 494 3860 siam
553 3796 841 3861 flumen
889 3798 1182 3862 concludi
1228 3819 1418 3881 posse
1482 3818 1598 3880 pro
1656 3800 1830 3861 eerto
1887 3796 2102 3861 habet.
2188 3798 2492 3863 Pfitzneri
2549 3801 2748 3864 verba

309 3908 485 3967 sunt:
580 3904 831 3969 Tacitus
883 3904 994 3969 hat
1044 3906 1151 3969 der
1203 3902 1669 3967 irrthiimliehen
1724 3902 2121 3985 Auffassuuy
2174 3926 2291 3969 von
2350 3905 2603 3970 Amisia
2657 3908 2755 3970 als

309 4010 464 4091 fluss
515 4011 790 4076 dadwreh
848 4009 1227 4092 hiutc'iuytieh
1283 4010 1661 4093 voryebeuyt,
1725 4011 1871 4074 dass
1924 3995 1990 4073 er
2051 4010 2149 4073 die
2201 4011 2371 4093 Laye
2434 4013 2537 4075 des
2595 4018 2753 4077 ortes

309 4117 504 4182 durch
566 4120 666 4182 ein
727 4118 1190 4200 uaohfolyeudes
1254 4117 1421 4181 laevo
1485 4136 1668 4181 amne
1738 4116 2073 4181 bezeiehuet
2142 4118 2276 4181 uud
2334 4116 2495 4183 nack
2558 4120 2655 4183 eiu
2664 4141 2757 4183 em

308 4244 375 4287 so
421 4223 562 4287 eben
607 4223 1118 4305 vorheryeheudeu
1163 4225 1249 4287 ad
1289 4223 1604 4289 Amisiam
1657 4224 1888 4305 flumen
1940 4222 2111 4287 kann
2166 4222 2337 4315 nieht
2390 4230 2569 4289 uuter
2622 4228 2757 4291 dem

309 4332 539 4395 blosseu
598 4330 882 4411 Amisiae
935 4332 1042 4395 der
1101 4331 1255 4412 fluss
1316 4332 1537 4395 wieder
1597 4331 1959 4395 verstanderi
2020 4332 2284 4408 werden,
2352 4332 2447 4395 cui
2508 4338 2758 4397 senten-

307 4438 444 4500 tiae
490 4458 621 4501 non
671 4437 1082 4519 assentimur,
1138 4458 1287 4500 nam
1337 4460 1528 4521 quam
1576 4438 1946 4521 opinionem
1994 4436 2274 4500 Pfitzner
2318 4426 2601 4503 refutare
2648 4463 2755 4505 vo-

460 4615 510 4681 1)
550 4611 654 4667 Die
689 4611 946 4665 Annalen
983 4611 1078 4665 des
1119 4609 1346 4665 Tacitus
1383 4610 1621 4665 kritisch
1659 4610 2006 4678 beleuehtet‚
2044 4610 2213 4665 Halle
2254 4616 2389 4667 1869
2428 4614 2476 4683 Ι,
2516 4633 2567 4683 p.
2609 4583 2693 4667 89.

420 4722 590 4771 Eum,
619 4721 674 4759 de
701 4719 1046 4768 participiorum
1075 4730 1174 4760 unu.
2302 4724 2333 4772 9
