3303 5235
644 318 770 382 130
1224 340 1234 351 ·
1590 318 1889 389 Appendix
1927 318 2137 372 critica.
2185 399 2189 406 .

639 481 788 563 luit,
847 502 987 544 eam
1042 481 1358 564 probavit.
1452 482 1650 545 immo
1702 485 1967 571 propter
2020 482 2084 544 id
2141 482 2380 565 ipsum,
2434 482 2600 565 quod
2654 482 2839 565 paulo
2890 505 3044 565 supe-

639 588 772 652 rius
830 588 919 652 ad
978 588 1348 651 Amisiam
1413 587 1706 652 flumen
1762 589 2003 652 dictum
2060 592 2185 665 est,
2240 587 2468 652 Tacito
2521 609 2650 651 non
2714 609 2868 670 opus
2928 611 3043 652 esse

639 694 982 759 videbatur
1036 695 1340 760 inferiore
1399 695 1538 758 loco
1596 694 1697 760 ad·
1732 715 1955 759 vocem
2002 695 2341 758 Amisiae
2399 694 2645 758 adicere
2700 695 3045 758 attributum

636 801 922 865 flumen
992 802 1254 885 perinde
1319 823 1393 866 ac
1459 801 1514 865 si
1580 802 1879 866 Amisia
1944 802 2212 866 alicuius
2286 801 2539 866 castelli
2600 822 2829 865 nomen
2888 806 3047 884 esset,

638 907 908 973 Tacitus
952 909 1077 973 hoc
1123 929 1384 972 monere
1432 909 1679 992 debuit,
1725 910 2105 993 praesertim
2154 931 2300 973 cum
2344 931 2663 992 nusquam
2708 908 2856 972 alibi
2896 909 3047 972 urbis

638 1016 981 1081 Amisiae
1027 1016 1269 1080 mentio
1315 1016 1450 1080 fiat.
1523 1017 1795 1080 verbum
1841 1020 2055 1080 autem
2105 1017 2462 1081 subvexit
2506 1039 2637 1081 non
2676 1019 2773 1079 est
2808 1037 2910 1079 cur
2948 1037 3045 1098 pro

639 1124 1029 1208 glossemate
1087 1121 1420 1206 habeatur,
1474 1144 1618 1187 cum
1668 1123 2135 1188 sententiarum
2192 1124 2460 1188 conexui
2509 1145 2643 1188 non
2700 1122 3047 1205 adversetur,

637 1230 747 1294 sed
792 1231 978 1294 valde
1023 1219 1257 1294 faveat.
1341 1231 1394 1295 si
1443 1232 1614 1295 enim
1663 1232 1734 1295 in
1780 1234 1961 1295 textu
2008 1231 2338 1315 retinetur,
2391 1253 2469 1294 ex
2515 1229 2722 1295 Taciti
2779 1230 3047 1313 opinione

638 1334 1023 1401 Germanico
1070 1335 1135 1400 id
1183 1337 1563 1401 vertendum
1623 1337 1782 1402 vitio
1842 1341 1966 1419 est,
2022 1337 2221 1420 quod,
2275 1340 2349 1401 ut
2395 1341 2645 1402 aestum
2693 1339 3047 1402 crescentem

637 1443 914 1528 fugeret,
962 1463 1167 1527 neque
1205 1442 1274 1506 in
1314 1442 1709 1527 superiorem
1746 1443 1931 1508 fluvii
1967 1447 2217 1527 partem
2258 1444 2606 1508 exercitum
2647 1444 2823 1508 duxit
2856 1465 3044 1527 neque,

637 1571 782 1614 cum
829 1550 909 1614 ad
955 1550 1126 1614 hunc
1174 1551 1386 1614 locum
1434 1550 1825 1634 pervenerit,
1874 1550 1954 1614 ad
2001 1550 2295 1614 dextram
2340 1551 2551 1635 ripam
2600 1551 2859 1634 appulit.

811 1667 963 1722 Tac.
1010 1680 1159 1721 ann.
1205 1665 1339 1735 111,
1385 1667 1470 1720 66
1539 1655 1812 1721 Obscura
1867 1657 2052 1720 initia
2119 1657 2571 1739 impudentibus
2626 1659 2795 1723 ausis
2835 1657 3044 1739 propol-

637 1763 851 1829 luebat.

818 1870 1105 1935 Verbum
1172 1871 1725 1954 propolluebat
1798 1869 2097 1933 omnibus
2163 1869 2491 1934 codicibus
2566 1870 2875 1934 traditum
2934 1892 3041 1934 cum

637 1977 928 2062 plerique
987 1976 1262 2041 editores
1330 1976 1630 2040 dubitent
1695 1998 1849 2040 num
1915 1975 2068 2039 ferri
2132 1975 2368 2060 possit,
2430 1978 2825 2042 mutationes
2872 1978 3041 2041 varias

636 2087 1022 2168 proponunt.
1115 2084 1345 2169 quodsi
1404 2084 1761 2167 quaeritur,
1826 2087 2045 2147 utrum
2117 2083 2434 2148 librorum
2502 2086 3045 2168 manuscriptorum

634 2191 826 2255 lectio
867 2191 1129 2255 retineri
1167 2213 1365 2256 necne
1402 2192 1629 2275 possit,
1676 2213 1795 2256 nos
1833 2191 2034 2274 priori
2073 2189 2308 2254 rationi
2347 2190 2495 2273 plus
2534 2191 2931 2255 auctoritatis
2964 2191 3049 2252 tri·

632 2299 909 2381 buimuS,
948 2320 1110 2383 quae
1150 2277 1474 2363 sententia
1513 2297 1568 2361 si
1607 2297 2028 2380 comprobata
2066 2295 2203 2374 erit,
2244 2316 2467 2359 omnes
2506 2298 2895 2361 mutationes
2928 2317 3043 2358 exa-

633 2405 882 2469 minare
928 2426 1060 2469 non
1109 2406 1231 2469 erit
1274 2403 1727 2470 necessarium.
1803 2407 1954 2467 ante
2002 2403 2217 2467 omnia
2266 2404 2497 2467 mirum
2548 2407 2683 2487 est,
2730 2404 2889 2488 quod
2926 2424 3039 2486 per-

633 2511 820 2574 multi
867 2511 1144 2576 editores
1193 2512 1458 2576 verbum
1515 2510 1689 2575 istud
1737 2511 1975 2576 reicere
2032 2511 2285 2594 volunt,
2344 2530 2742 2595 quamquam
2796 2534 2873 2576 ne
2910 2529 3043 2574 unus

635 2619 890 2703 quidem
930 2640 1193 2683 causam
1231 2619 1517 2703 protulit.
1585 2619 1694 2683 sed
1733 2640 1948 2684 nonne
1985 2617 2209 2682 eodem
2245 2619 2381 2682 iure
2419 2623 2649 2683 nostro
2690 2622 2836 2686 loco
2872 2615 3053 2685 scribi-

635 2748 778 2790 mus
845 2727 1396 2811 propolluebat
1469 2748 1662 2809 quam
1729 2748 1874 2791 ann.
1940 2725 2059 2808 VI,
2116 2725 2202 2790 25
2270 2720 2379 2789 ἅπ.
2455 2728 2574 2807 εἰρ.
2646 2727 3059 2811 provivere,

634 2833 897 2895 weiter
942 2834 1198 2915 leben,
1243 2831 1438 2897 noch
1485 2832 1643 2895 fort
1691 2832 1933 2896 leben.
2004 2852 2223 2895 nonne
2268 2832 2535 2896 verbum
2582 2834 3053 2917 propolluere

634 2942 1078 3020 comparatum
1111 2960 1255 3003 cum
1285 2938 1695 3021 provivere
1725 2936 1867 3023 (VI,
1896 2937 2030 3024 25),
2059 2938 2483 3023 producere
2515 2937 2661 3023 (III,
2683 2942 2799 3024 24,
2827 2938 2929 3021 VI,
2944 2934 3049 3019 48),

631 3044 1024 3127 prolatare
1089 3043 1262 3127 (ann.
1321 3044 1442 3128 XI,
1500 3043 1624 3131 37)
1692 3046 1937 3109 clarum
2004 3048 2103 3107 est
2169 3044 2340 3108 idem
2405 3046 2621 3111 valere
2722 3068 2798 3111 ac
2858 3064 3050 3131 porro

632 3151 981 3231 polluere
1029 3155 1142 3215 aut
1189 3152 1538 3235 polluere
1585 3151 1919 3216 nondum
1969 3150 2321 3214 desinere
2360 3147 3056 3238 (προσκαταισχύνειν).

632 3257 828 3341 quid‘?
885 3258 1071 3322 aliter
1118 3280 1271 3323 sane
1319 3278 1420 3321 res
1470 3279 1610 3321 sese
1658 3258 1952 3340 haberet,
2010 3258 2063 3321 si
2120 3257 2309 3321 lectio
2357 3258 2651 3323 codicum
2702 3258 3057 3325 difficillima

635 3364 956 3451 explicatu
1005 3369 1174 3428 esset
1211 3388 1286 3429 ac
1324 3363 1642 3429 similibus
1684 3364 1992 3449 exemplis
2034 3368 2279 3428 careret
2316 3366 2417 3428 vel
2458 3366 2511 3428 si
2552 3366 2697 3449 quis
2740 3367 3058 3433 lectionem

633 3474 1004 3556 corruptam
1059 3494 1175 3556 per
1221 3466 1328 3536 ἅπ.
1376 3474 1587 3556 εἰρημ.
1641 3473 1982 3538 emendare
2047 3472 2256 3535 vellet.
2348 3472 2460 3535 sed
2515 3495 2741 3538 vocem
2800 3473 3061 3557 aliquam

633 3598 666 3638 e
713 3580 898 3641 textu
947 3579 1151 3642 eicere
1198 3578 1370 3663 ideo,
1432 3580 1604 3664 quod
1649 3602 1967 3663 nusquam
2018 3579 2173 3643 alibi
2218 3578 2575 3659 invenitur,
2632 3582 2927 3646 excusari
2975 3600 3061 3642 ne-

631 3683 798 3767 quit,
844 3686 1227 3767 praesertim
1275 3708 1420 3749 cum
1469 3708 1695 3750 sensus
1746 3685 2092 3749 admodum
2139 3686 2349 3749 bonus
2396 3687 2805 3769 praebeatur.

808 3788 1163 3874 Postquam
1209 3792 1380 3855 hunc
1426 3793 1640 3855 locum
1688 3793 1819 3855 iam
1864 3793 2285 3857 tractavimus
2298 3841 2315 3875 ‚
2362 3792 2529 3857 forte
2568 3796 2850 3859 occurrit
2894 3792 3064 3858 nobis

629 3896 698 3959 in
742 3895 1161 3961 Fleckeisenii
1219 3898 1430 3961 annal.
1481 3895 1629 3961 CXI
1691 3918 1839 3982 pag.
1887 3898 2015 3963 879
2074 3899 2677 3964 commentariolum
2723 3898 3067 3978 Woerneri,

630 4002 808 4065 cuius
857 4004 1312 4081 mutationem,
1361 4003 1415 4065 si
1463 4003 1724 4067 omnino
1774 4026 1811 4067 a
1858 4004 2313 4089 manuscriptis
2360 4005 2653 4069 recedere
2692 4029 2857 4090 opus
2898 4007 3065 4084 esset,

630 4109 858 4171 ceteris
871 4159 887 4192 ,
937 4131 1098 4192 quae
1144 4108 1316 4171 facta
1365 4113 1539 4193 sunt,
1585 4109 2075 4194 praeferendum
2114 4132 2251 4174 esse
2302 4116 2695 4195 putaremus.
2770 4110 3067 4196 proponit

630 4216 798 4278 enim
856 4215 1196 4298 legendum
1253 4238 1486 4300 prope
1545 4216 1954 4281 occulebat
2012 4213 2105 4301 (er
2157 4217 2361 4287 suehte
2414 4218 2607 4283 durch
2650 4218 3065 4283 unverschc'imt

624 4320 854 4399 freches
907 4321 1212 4401 austreten
1275 4323 1439 4387 scine
1493 4323 1761 4387 dunklen
1825 4323 2096 4405 anfdnye
2157 4344 2267 4387 vor
2328 4325 2434 4388 der
2488 4324 2925 4419 offentlichloeit
2982 4341 3067 4404 ye-

627 4428 1082 4492 wissermassen
1124 4448 1203 4493 zu
1247 4427 1606 4517 verhiillen).

804 4532 1146 4619 RationeS,
1203 4536 1434 4619 quibus
1490 4535 1811 4601 Woerner
1877 4536 1956 4599 ad
2022 4536 2450 4601 mutationem
2516 4560 2697 4603 suam
2766 4537 3067 4602 adductus

629 4644 751 4724 est,
805 4664 934 4705 non
981 4641 1275 4707 difficiles
1333 4648 1486 4707 sunt
1542 4643 1622 4706 ad
1678 4642 2119 4707 refellendum.
2205 4645 2533 4709 contendit
2586 4644 2757 4709 enim
2812 4643 2914 4706 vir
2968 4640 3067 4703 ille
