3303 5235
931 344 1014 398 De
1051 345 1474 414 participiorum
1512 347 1713 400 natura
1749 345 1979 401 verbali.
2550 347 2678 410 115

221 506 384 571 cola.
475 504 687 570 Germ.
735 507 821 571 33
866 509 1073 590 pulsis
1119 508 1441 572 Bructeris
1485 529 1560 573 ac
1601 509 1855 590 penitus
1897 509 2131 572 excisis,
2223 508 2370 572 dial.
2408 511 2451 572 5
2504 511 2682 574 rebus

204 633 500 694 prospere
543 613 887 694 fluentibus,

537 781 625 837 11.
681 783 789 837 Ex
833 783 1122 844 Velleio:

392 895 462 959 II
472 948 489 981 ,
531 899 564 961 7
613 899 860 980 optimis
893 900 1159 980 inqeniis
1202 899 1362 963 male
1405 900 1507 964 usi
1546 901 1706 964 vitae
1749 901 2079 982 mortisque
2112 901 2373 964 habuere
2416 900 2668 965 emitum.

207 1002 298 1086 II,
340 1003 430 1068 88
478 1005 639 1068 male
682 1006 1093 1070 consultorum
1127 1026 1364 1087 poenas
1409 1007 1677 1072 exsolvit.
1748 1005 1841 1090 ΙΙ,
1883 1007 2009 1073 105
2057 1007 2207 1071 liber
2250 1008 2432 1071 aliter
2479 1007 2667 1072 taute-

204 1131 319 1192 que
365 1131 438 1174 eo
492 1111 850 1176 abutentem.
942 1110 1035 1195 II,
1087 1112 1211 1175 109
1267 1132 1344 1175 ex
1389 1113 1550 1176 male
1593 1111 2056 1198 dissimulato&
2140 1110 2241 1196 ΙΙ,
2289 1112 2372 1176 70
2432 1114 2675 1178 tardius

206 1237 270 1280 eo
314 1217 670 1282 nuntiante.
743 1217 837 1301 II,
891 1219 1014 1283 103
1061 1219 1431 1284 vehementer
1473 1225 1851 1303 repuynante
1896 1221 2155 1284 Nerone.

535 1385 657 1442 m.
713 1387 819 1443 Ex
865 1387 1216 1443 Sallustio:

382 1501 535 1565 Cat.
573 1501 641 1582 5,
679 1502 718 1564 9
756 1503 1074 1584 paulatim
1109 1505 1456 1568 immutata.
1531 1503 1670 1589 lug.
1710 1505 1823 1588 64,
1859 1505 1903 1566 4
1946 1505 2193 1594 saepius
2228 1505 2435 1568 eadem
2459 1511 2673 1586 postu-

204 1608 378 1674 lanti.
476 1608 588 1690 71,
633 1609 677 1670 4
725 1613 939 1672 temere
974 1611 1262 1691 positam.
1365 1610 1514 1693 101,
1559 1611 1603 1672 4
1649 1612 1890 1674 eminus
1936 1603 2189 1674 emissis.
2277 1612 2388 1693 71,
2433 1611 2477 1673 4
2524 1631 2672 1692 pro-

195 1735 338 1796 pere
385 1715 654 1797 coynitis
697 1716 966 1780 insidiis.
1042 1715 1182 1781 Cat.
1228 1716 1342 1798 45,
1392 1717 1431 1780 3
1478 1718 1594 1780 cito
1640 1719 1875 1799 coynito
1920 1715 2188 1780 consilia
2270 1716 2419 1780 hist.
2462 1715 2519 1800 Ι,
2564 1718 2672 1802 41,

203 1823 283 1885 27
335 1823 491 1886 bene
533 1823 889 1888 iuvantibus
932 1824 1074 1888 diis.

1411 2000 1486 2067 G.

531 2114 586 2170 1.
643 2114 750 2169 Ex
795 2113 1056 2170 Tacito:

381 2228 563 2294 Ann.
609 2228 668 2313 Ι,
705 2231 789 2294 37
828 2232 1098 2310 pecunia
1142 2236 1198 2294 et
1242 2232 1453 2296 missio
1498 2250 1877 2312 quamquam
1925 2251 2051 2294 non
2096 2231 2527 2313 flayitantibus
2572 2231 2668 2295 ob-

215 2336 334 2400 lata
403 2340 510 2400 est.
599 2334 660 2420 I,
704 2336 790 2400 43
851 2357 1041 2418 neque
1097 2339 1262 2402 enim
1325 2340 1392 2403 di
1453 2339 1693 2414 sinant,
1757 2342 1831 2401 ut
1891 2337 2233 2419 Belyarum
2291 2358 2669 2419 quamquam

217 2443 604 2521 offerentium
661 2445 839 2508 decus
881 2444 1052 2508 istud
1103 2450 1159 2508 et
1203 2445 1506 2510 claritudo
1559 2445 1659 2509 sit.
1751 2441 1809 2526 Ι,
1866 2443 1950 2507 47
2004 2445 2135 2507 iam
2180 2445 2423 2527 iamque
2466 2445 2671 2507 iturus

221 2549 356 2631 leyit
405 2551 656 2614 comites.
741 2548 798 2634 Ι,
845 2549 931 2612 55
990 2547 1256 2633 Segestes
1299 2571 1676 2634 quamquam
1720 2569 2013 2614 consensu
2060 2550 2260 2632 yentis
2316 2552 2387 2614 in
2443 2550 2665 2615 bellum

222 2640 444 2720 tractus
485 2658 719 2721 discors
773 2657 1074 2722 manebat.
1156 2656 1188 2720 I
1198 2706 1216 2740 ,
1264 2658 1348 2722 76
1403 2657 1646 2723 edendis
1694 2656 2145 2738 yladiatoribus
2190 2704 2205 2720 .
2243 2706 2258 2722 .
2298 2707 2311 2722 .
2352 2707 2365 2721 .
2412 2656 2665 2722 Drusus

205 2765 516 2843 praesedit
556 2784 934 2845 quamquam
977 2763 1088 2828 viti
1133 2766 1436 2846 sanquine
1477 2766 1671 2829 nimis
1707 2766 1999 2847 granden-3.
2069 2762 2161 2842 Π,
2190 2764 2231 2827 3
2276 2784 2354 2829 ne
2402 2764 2667 2847 Tiqrani

211 2871 580 2933 diuturnum
623 2871 953 2951 imperium
994 2870 1125 2951 fuit
1166 2892 1357 2952 neque
1394 2872 1598 2936 liberis
1633 2872 1766 2935 eius
1801 2890 2178 2953 quamquam
2214 2870 2469 2934 societas
2504 2890 2671 2937 more

209 2981 458 3041 externo
501 2977 572 3039 in
611 2977 1082 3041 matrimonium
1117 2997 1501 3058 reynumque.
1584 2976 1651 3041 II
1663 3028 1681 3060 ,
1720 2977 1806 3041 25
1852 2979 1961 3058 qui
2007 3026 2020 3039 .
2051 3026 2064 3039 .
2094 3026 2109 3039 .
2144 2976 2308 3041 vetut
2343 2978 2510 3041 aucti
2553 2998 2667 3041 nu-

216 3101 370 3147 mero
419 3083 804 3163 irrupissent.
878 3082 943 3147 II
957 3133 974 3166 ,
1020 3082 1104 3147 38
1161 3081 1312 3157 haec
1357 3087 1538 3163 atque
1594 3083 1749 3146 talia
1794 3101 2168 3163 quamquam
2213 3102 2352 3144 cum
2408 3103 2663 3147 assensu

217 3190 428 3253 audita
472 3189 552 3252 ab
596 3190 679 3253 iis
722 3190 941 3271 quibus
985 3190 1196 3253 omnia
1243 3240 1256 3254 .
1295 3240 1308 3254 .
1349 3240 1362 3254 .
1402 3240 1414 3253 .
1465 3190 1724 3253 laudare
1766 3208 1898 3253 mos
1942 3192 2031 3251 est
2073 3206 2364 3268 eoecepere.
2436 3186 2529 3265 ΙΙ,
2579 3190 2661 3253 67

207 3297 492 3375 quamvis
527 3296 883 3378 ambiyuum
918 3299 977 3359 et
1008 3296 1235 3359 scelera
1269 3317 1388 3361 sua
1421 3301 1805 3378 reputantem
1831 3294 2122 3377 perpulit.
2193 3293 2276 3378 ΙΙ,
2308 3294 2391 3359 75
2437 3294 2665 3376 Ayrip-

199 3404 354 3482 pina
406 3422 786 3484 quamquam
829 3402 1066 3483 defessa
1126 3403 1289 3468 luctu
1336 3409 1393 3468 et
1445 3424 1691 3485 corpore
1734 3423 1916 3485 aeyro
1962 3452 1977 3467 .
2016 3451 2030 3466 .
2069 3451 2085 3467 .
2124 3451 2136 3464 .
2184 3403 2456 3467 ascendit
2508 3403 2660 3466 ctas-

202 3529 343 3574 sem
464 3506 528 3571 ΙΙ
538 3560 556 3592 ,
601 3508 688 3573 82
742 3510 1022 3591 quamvis
1083 3510 1286 3573 leviter
1339 3510 1573 3574 audita.
1674 3508 1759 3573 ib.
1824 3509 2005 3590 quasi
2066 3527 2320 3572 rursum
2374 3512 2663 3589 ereptum.

201 3615 290 3697 ΙΙ,
339 3616 428 3680 86
479 3614 709 3681 Cacsar
752 3616 1034 3697 quamvis
1067 3615 1486 3699 posthabitam
1533 3666 1547 3681 .
1587 3666 1602 3679 .
1638 3664 1655 3681 .
1694 3665 1707 3679 .
1752 3616 1985 3679 solatus
2030 3620 2130 3679 est.
2214 3614 2339 3699 111,
2386 3615 2469 3678 59
2517 3616 2664 3678 reci-

203 3726 370 3787 tatae
416 3726 478 3786 et
517 3721 726 3787 Drusi
778 3721 1062 3803 epistolae
1103 3742 1480 3804 quamquam
1526 3723 1614 3786 ad
1654 3722 2013 3786 modestiam
2057 3722 2252 3803 flexae
2285 3741 2407 3802 pro
2452 3741 2660 3803 super-

350 3971 404 4038 1)
451 3967 528 4037 H,
571 3972 671 4022 109
726 3965 993 4035 legimusz
1049 3967 1300 4036 qentibus
1343 3968 1755 4037 hominibusque
1800 3984 1837 4021 a
1880 3967 2037 4021 nobis
2084 3967 2501 4022 desciscentibus
2546 3971 2665 4021 erat

203 4058 360 4125 apud
395 4074 516 4111 eum
545 4057 866 4126 perfuqium
902 4061 1176 4125 totumque
1211 4073 1278 4111 ex
1311 4058 1452 4111 male
1479 4057 1825 4111 dissimulato
1862 4056 2056 4125 aqebat
2092 4057 2377 4110 aemulum.

350 4144 552 4216 Agitur
590 4144 659 4199 de
695 4143 940 4199 lectione
977 4146 1359 4213 totumque,
1407 4158 1550 4213 quae
1587 4144 1722 4199 ferri
1758 4143 1969 4212 nequit.
2044 4144 2157 4198 iam
2194 4143 2481 4199 Acidaliae
2517 4144 2661 4197 bene

201 4234 464 4288 medetur
489 4234 646 4303 1000,
684 4250 810 4287 cum
838 4231 1310 4303 praepositionem
1346 4233 1414 4287 in
1451 4232 1740 4303 suppleat,
1780 4249 1948 4301 quam
1975 4236 2207 4303 propter
2234 4233 2660 4287 antecedentem

201 4320 432 4376 literam
467 4340 526 4374 m
563 4320 731 4376 facile
779 4338 1108 4377 evanescere
1146 4320 1397 4391 potuisse
1447 4321 1583 4375 satis
1623 4320 1837 4377 clarum
1873 4322 1975 4375 est.
2049 4337 2230 4392 neque
2268 4321 2482 4391 obstat,
2522 4339 2659 4389 quo-

200 4409 390 4463 minus
423 4410 564 4463 haec
604 4410 928 4465 coniectura
962 4408 1254 4480 probetur,
1295 4410 1444 4478 quod
1479 4408 1700 4465 Velleio
1734 4425 1849 4478 ‚pro
1876 4407 2121 4463 lectione
2168 4408 2236 4462 in
2271 4409 2491 4464 totum
2537 4427 2660 4479 per-

199 4500 381 4566 petuo
425 4498 605 4568 magis
649 4499 867 4569 placuit
918 4515 1037 4570 per
1082 4498 1315 4554 omnia.
1396 4515 1510 4553 non
1562 4497 1938 4567 intellegitur,
1996 4514 2093 4551 cur
2138 4497 2383 4568 scriptor
2426 4515 2658 4567 parvam

201 4586 540 4642 varietatam
574 4604 686 4643 non
716 4586 1020 4643 admiserit.
1086 4586 1302 4642 Heinsii
1340 4587 1666 4641 coniectura
1701 4588 2026 4653 totusque
2064 4588 2294 4655 propter
2313 4586 2653 4657 palaeogra-

201 4673 404 4743 phicas
439 4676 689 4731 rationes
725 4676 1010 4732 reicienda
1046 4678 1146 4733 est.

2162 4763 2237 4816 8*
