3303 5235
1001 315 1086 369 De
1123 314 1528 384 significatione
1565 314 2003 386 participiorum.
2649 314 2729 376 17

280 481 604 544 tunitatem
658 479 826 560 ferro
885 479 1006 544 sibi
1059 480 1145 542 ad
1201 499 1342 543 suos
1388 499 1673 561 peperere
1726 478 2009 543 reditum.
2089 477 2174 542 ib.
2219 478 2328 559 qui
2374 473 2729 563 (Tiberius)

283 589 573 653 concessis
653 587 922 651 hostium
1008 586 1243 650 viribus
1323 587 1594 650 classicis
1672 586 2065 667 peditumque
2144 583 2735 666 expeditionibusque

336 746 350 759 .
391 745 403 758 .
467 696 540 759 in
610 693 820 758 urbem
891 712 1164 758 reversus
1210 742 1223 755 .
1263 743 1276 756 .
1317 743 1331 756 .
1386 693 1508 775 eqit
1577 691 1974 773 triumphum.
2068 690 2161 774 ΙΙ,
2231 691 2355 756 129
2409 691 2733 773 proposita

279 802 480 888 quasi·
541 801 833 864 universa
901 798 1298 881 principatus
1382 798 1512 863 Tib.
1568 793 1857 862 Caesaris
1934 798 2146 877 forma
2216 797 2467 880 singula
2536 817 2732 862 recene

280 927 542 971 seamus.

601 1111 660 1176 o)
706 1111 915 1180 Apud
961 1109 1392 1166 Sallustium:

470 1241 612 1310 Cat.
651 1244 708 1326 6,
750 1246 785 1308 7
835 1238 1178 1306 Immutato
1223 1264 1388 1308 more
1432 1233 1651 1308 annua
1694 1244 1959 1325 imperia
2012 1241 2297 1326 binosque
2340 1243 2737 1326 imperatores

279 1351 402 1414 sibi
444 1350 652 1431 fecere.
730 1352 805 1414 11
821 1400 839 1433 ,
883 1350 926 1413 4
960 1354 1294 1431 postquam
1337 1351 1412 1414 L.
1459 1350 1641 1416 Sulla
1686 1351 1887 1415 armis
1928 1355 2163 1432 recepta
2207 1351 2517 1432 republica
2562 1349 2735 1414 bonis

283 1456 490 1518 initiis
533 1456 730 1520 malos
773 1460 1012 1520 eventus
1056 1454 1285 1520 habuit.
1365 1458 1472 1541 16,
1521 1457 1564 1520 4
1599 1457 1879 1538 plerique
1923 1455 2177 1521 Sullani
2228 1455 2452 1521 milites
2497 1456 2736 1537 larqius

289 1581 400 1624 suo
445 1562 547 1625 usi
591 1610 606 1625 .
644 1610 658 1625 .
697 1612 711 1626 .
752 1611 766 1626 .
811 1561 985 1625 civile
1030 1561 1252 1625 bellum
1295 1562 1677 1644 exoptabant.
1747 1562 1847 1644 18,
1893 1561 1935 1625 5
1978 1562 2251 1642 fascibus
2294 1564 2583 1643 correptis
2628 1560 2735 1624 Pi-

283 1687 490 1732 sonem
543 1687 681 1732 cum
733 1670 999 1732 exercitu
1043 1669 1130 1732 ad
1184 1668 1538 1733 obtinendas
1593 1669 1753 1732 duas
1798 1667 2154 1748 Hispanias
2198 1668 2448 1732 mittere.
2533 1668 2618 1731 22
2630 1716 2647 1750 ‚
2699 1667 2730 1729 1
2772 1725 2781 1734 .

277 1774 451 1852 fuere
495 1795 568 1839 ea
623 1777 969 1856 tempestate
1020 1775 1130 1855 qui
1185 1776 1451 1839 dicerent
1495 1773 1774 1840 Catilina
1820 1775 2093 1838 oratione
2144 1773 2358 1838 habita
2402 1823 2417 1837 .
2455 1823 2470 1837 .
2509 1823 2524 1837 .
2563 1823 2577 1836 .
2622 1771 2736 1834 hu-

282 1881 464 1943 mani
519 1881 791 1961 corporis
843 1880 1208 1961 sanquinem
1260 1882 1404 1945 vino
1454 1882 1839 1963 permixtum
1900 1881 1972 1944 in
2014 1882 2257 1961 pateris
2316 1877 2739 1944 cicumtulisse.

282 1985 389 2068 31,
427 1987 467 2050 3
513 1986 802 2066 superbia
845 1989 1025 2066 atque
1068 1985 1303 2050 deliciis
1348 1988 1594 2052 omissis
1629 1987 1750 2051 sibi
1782 1987 2147 2068 patriaeque
2190 1986 2486 2067 diffidere.
2550 1983 2657 2066 43,
2701 1983 2732 2045 1

272 2092 528 2173 paratis
571 2092 819 2173 maynis
862 2091 1053 2172 copiis
1089 2093 1544 2156 constituerant.
1607 2091 1714 2175 45,
1752 2091 1794 2154 3
1841 2091 2019 2156 Galli
2064 2093 2180 2155 cito
2217 2093 2449 2173 coquito
2486 2087 2738 2153 consilio

287 2198 420 2260 sine
453 2217 630 2261 mora
662 2197 1055 2278 praetoribus
1098 2217 1162 2262 se
1199 2199 1469 2262 tradunt.
1531 2199 1635 2282 46,
1663 2200 1708 2261 4
1743 2195 2085 2280 Caeparius
2108 2197 2306 2278 paulo
2342 2201 2527 2260 antea
2562 2197 2738 2260 domo

287 2322 559 2384 eyressus
609 2303 841 2385 coynito
906 2303 1136 2367 indicio
1189 2323 1265 2367 ea·
1317 2304 1463 2368 urbe
1515 2304 1901 2386 profuqerat.
1982 2303 2101 2385 48,
2152 2305 2185 2367 1
2252 2307 2493 2366 mutata
2544 2307 2741 2366 mente

290 2407 599 2474 Catilinae
641 2410 902 2474 consilia
945 2411 1268 2474 exsecravi.
1333 2410 1437 2490 50,
1485 2412 1525 2475 3
1574 2411 1786 2476 consul
1830 2410 2145 2490 dispositis
2177 2409 2516 2491 praesidiis
2562 2456 2577 2470 .
2618 2459 2631 2472 .
2671 2457 2737 2498 κ.

289 2520 605 2579 convocato
647 2521 866 2580 senatu
907 2515 1110 2596 refert.
1192 2517 1300 2598 57,
1350 2517 1390 2580 6
1437 2518 1713 2582 contione
1757 2517 2053 2580 advocata
2096 2514 2345 2579 huiusce
2388 2516 2556 2580 modi
2600 2535 2737 2579 ora-

290 2622 515 2686 tionem
558 2622 788 2687 habuit.
857 2624 962 2707 59,
996 2625 1028 2686 1
1079 2624 1293 2688 deinde
1336 2625 1582 2689 remotis
1625 2623 1903 2687 omnium
1938 2622 2107 2703 equis
2150 2642 2268 2703 quo
2312 2621 2613 2685 militibus
2638 2641 2739 2685 ex-

287 2733 544 2810 aequato
578 2730 852 2810 periculo
897 2730 1148 2794 animus
1196 2732 1465 2813 amplior
1499 2736 1651 2795 esset
1695 2780 1707 2794 .
1747 2780 1760 2793 .
1800 2781 1813 2794 .
1858 2728 2131 2793 instruit.
2200 2727 2341 2814 Iug.
2377 2728 2476 2810 19,
2510 2728 2541 2790 1
2583 2746 2741 2808 pars

285 2835 538 2915 imperii
583 2836 864 2916 cupidine
907 2835 1240 2901 sollicitata
1274 2836 1447 2917 plebe
1481 2840 1542 2901 et
1583 2837 1733 2901 aliis
1767 2854 2069 2899 novarum
2104 2854 2313 2897 rerum
2349 2834 2550 2898 avidis
2576 2834 2740 2915 Hip—

279 2961 512 3023 ponem
560 2989 575 3003 .
614 2990 627 3003 .
668 2989 682 3004 .
728 2942 798 3005 in
835 2962 945 3005 ora
989 2943 1312 3007 maritima
1357 2943 1686 3007 condidere.
1754 2942 1857 3023 80,
1885 2941 1927 3004 3
1972 2941 2131 3023 reqis
2158 2939 2389 3004 Bocchi
2420 2941 2742 3022 proximos

289 3048 536 3129 maqnis
580 3047 934 3111 muneribus
978 3053 1036 3112 et
1089 3048 1434 3113 maioribus
1476 3048 1808 3130 promissis
1852 3048 1938 3111 ad
1988 3047 2257 3111 studium
2305 3047 2408 3111 sui
2439 3047 2740 3127 perducit.

297 3153 410 3234 81,
462 3156 493 3216 1
527 3153 668 3235 'fide
721 3154 871 3217 data
923 3174 997 3217 ac
1049 3158 1293 3235 accepta
1336 3153 1648 3236 quurtha
1693 3152 1925 3217 Bocchi
1978 3152 2263 3217 animum
2316 3153 2589 3217 oratione
2643 3172 2739 3216 ac·

298 3258 509 3322 cendit.
593 3259 712 3323 101
726 3309 745 3343 ‚
790 3260 833 3323 2
895 3259 1067 3323 nullo
1131 3260 1342 3325 ordine
1403 3263 1768 3323 commutato
1831 3258 2155 3322 adversum
2212 3258 2423 3321 omnia
2469 3261 2742 3339 paratus

295 3362 518 3427 ibidem
574 3366 904 3446 opperitur.
992 3365 1144 3449 103,
1195 3366 1228 3428 1
1290 3365 1549 3431 Marius
1607 3365 1841 3429 interea
1893 3365 2157 3429 exercitu
2209 3365 2281 3427 in
2332 3363 2743 3429 hibernaculis

291 3471 614 3551 composito
660 3491 800 3535 cum
844 3469 1137 3551 expeditis
1181 3470 1522 3535 cohortibus
1558 3475 1616 3534 et
1645 3474 1831 3552 parte
1873 3470 2177 3550 equitatus
2209 3469 2628 3551 proficiscitur
2671 3470 2742 3532 in

295 3576 424 3639 loca
467 3578 614 3642 sola.
703 3578 858 3661 104,
905 3578 947 3642 3
1005 3582 1264 3641 ceterum
1308 3578 1534 3641 Mauri
1585 3577 1931 3658 impetratis
1974 3575 2255 3639 omnibus
2310 3580 2429 3640 tres
2473 3575 2741 3640 Romam

281 3683 543 3763 profecti
586 3704 727 3748 cum
771 3683 881 3749 Cn.
913 3683 1158 3748 Octavio
1196 3683 1446 3748 Rusone
1491 3732 1504 3747 .
1544 3733 1558 3746 .
1598 3732 1612 3747 .
1651 3733 1665 3746 .
1710 3684 1831 3747 duo
1876 3684 1963 3746 ad
2003 3702 2201 3764 reyem
2243 3683 2510 3747 redeunt.
2597 3681 2719 3745 107
2724 3731 2743 3765 ‚

295 3786 336 3851 5
380 3808 506 3853 sese
559 3790 650 3853 vel
692 3791 1059 3871 praemissis
1111 3789 1203 3853 vel
1257 3790 1478 3853 ibidem
1530 3789 1758 3853 relictis
1801 3788 2059 3853 Mauris
2114 3787 2315 3852 solum
2368 3809 2507 3852 cum
2560 3787 2743 3852 Sulla

292 3894 548 3958 iturum.
619 3895 761 3978 111,
796 3895 841 3960 4
885 3896 1210 3978 composito
1255 3895 1392 3959 dolo
1436 3896 1881 3977 diqrediuntur.
1956 3893 2109 3959 hist.
2154 3892 2268 3978 IV,
2316 3895 2421 3979 61,
2466 3895 2505 3958 8
2553 3895 2741 3957 simu-

295 3999 421 4065 lato
466 4000 658 4083 impio
704 4005 1054 4068 testamento
1102 4052 1116 4069 .
1155 4051 1168 4064 .
1207 4050 1221 4065 .
1266 4052 1280 4065 .
1313 4021 1432 4083 per
1478 4000 1861 4084 triumphum
1904 4002 2144 4065 duxere.

295 4260 362 4330 B.
435 4263 524 4333 De
559 4264 644 4332 iis
681 4266 1047 4353 participiis
1084 4266 1362 4352 perfecti
1397 4267 1701 4352 temporis
1738 4262 1915 4334 verb.
1944 4262 2181 4351 depon„
2223 4278 2383 4347 quae
2420 4264 2742 4351 passivam

1305 4374 1439 4441 vim
1482 4374 1742 4440 habent.

377 4526 382 4531 “
478 4514 584 4582 Ab
613 4537 688 4582 eo
719 4534 841 4582 usu
871 4535 1063 4602 quem
1104 4536 1300 4601 supra
1337 4512 1488 4603 (sub
1515 4515 1605 4604 A)
1632 4513 2110 4581 illustravimus
2137 4536 2271 4580 non
2299 4514 2515 4579 differt
2545 4513 2742 4600 sigm‘-

303 4620 519 4687 ficatio
549 4646 772 4689 eorum
810 4624 1322 4709 participiorum,
1360 4644 1524 4707 quae
1563 4625 1902 4707 assumpta
1938 4622 2005 4688 vi
2041 4622 2303 4707 passiva
2340 4621 2743 4706 temporibus

409 4728 574 4779 Hzmt,
604 4730 659 4769 de
687 4729 1032 4777 participiorum
1062 4740 1159 4769 usu.
1403 4723 1414 4735 '
2286 4731 2315 4779 2
