<?xml version="1.0" encoding="UTF-8"?>
<!DOCTYPE html PUBLIC "-//W3C//DTD XHTML 1.0 Transitional//EN"
    "http://www.w3.org/TR/xhtml1/DTD/xhtml1-transitional.dtd">
<html xmlns="http://www.w3.org/1999/xhtml" xml:lang="en" lang="en">
 <head>
  <title>
</title>
<meta http-equiv="Content-Type" content="text/html;charset=utf-8" />
  <meta name='ocr-system' content='tesseract 3.04.00' />
  <meta name='ocr-capabilities' content='ocr_page ocr_carea ocr_par ocr_line ocrx_word'/>
</head>
<body>
  <div class='ocr_page' id='page_1' title='image "./quaestionessynt01helmgoog_0078.png"; bbox 0 0 3303 5235; ppageno 0'>
   <div class='ocr_carea' id='block_1_1' title="bbox 600 327 1969 418">
    <p class='ocr_par' dir='ltr' id='par_1_1' title="bbox 600 327 1969 418">
     <span class='ocr_line' id='line_1_1' title="bbox 600 327 1969 418; baseline 0.003 -18"><span class='ocrx_word' id='word_1_1' title='bbox 600 346 687 409; x_wconf 83' lang='lat'><em>92</em></span> <span class='ocrx_word' id='word_1_2' title='bbox 1233 327 1238 336; x_wconf 82' lang='grc'>’</span> <span class='ocrx_word' id='word_1_3' title='bbox 1660 348 1841 418; x_wconf 78' lang='lat' dir='ltr'><em>eaput</em></span> <span class='ocrx_word' id='word_1_4' title='bbox 1876 349 1969 404; x_wconf 90' lang='lat' dir='ltr'><em>1v.</em></span> 
     </span>
    </p>
   </div>
   <div class='ocr_carea' id='block_1_2' title="bbox 595 510 3067 1559">
    <p class='ocr_par' dir='ltr' id='par_1_2' title="bbox 595 510 3067 1559">
     <span class='ocr_line' id='line_1_2' title="bbox 599 510 3061 596; baseline 0 -20"><span class='ocrx_word' id='word_1_5' title='bbox 599 510 710 576; x_wconf 90' lang='lat' dir='ltr'><em>bus</em></span> <span class='ocrx_word' id='word_1_6' title='bbox 753 515 934 592; x_wconf 79' lang='lat' dir='ltr'><em>atque</em></span> <span class='ocrx_word' id='word_1_7' title='bbox 991 513 1163 576; x_wconf 91' lang='lat' dir='ltr'><em>omni</em></span> <span class='ocrx_word' id='word_1_8' title='bbox 1206 511 1367 576; x_wconf 87' lang='lat' dir='ltr'><em>bona</em></span> <span class='ocrx_word' id='word_1_9' title='bbox 1411 517 1544 576; x_wconf 88' lang='lat' dir='ltr'><em>arte</em></span> <span class='ocrx_word' id='word_1_10' title='bbox 1601 514 1673 577; x_wconf 90' lang='lat' dir='ltr'><em>in</em></span> <span class='ocrx_word' id='word_1_11' title='bbox 1716 513 1971 578; x_wconf 66' lang='lat' dir='ltr'><em>acilium</em></span> <span class='ocrx_word' id='word_1_12' title='bbox 2024 518 2181 578; x_wconf 77' lang='lat' dir='ltr'><em>acta.</em></span> <span class='ocrx_word' id='word_1_13' title='bbox 2264 515 2305 578; x_wconf 88' lang='lat'><strong>3</strong></span> <span class='ocrx_word' id='word_1_14' title='bbox 2360 516 2651 596; x_wconf 81' lang='lat' dir='ltr'><em>exemptis</em></span> <span class='ocrx_word' id='word_1_15' title='bbox 2704 517 2793 577; x_wconf 88' lang='lat' dir='ltr'><em>tot</em></span> <span class='ocrx_word' id='word_1_16' title='bbox 2844 514 3061 578; x_wconf 73' lang='lat' dir='ltr'><em>anriis.</em></span> 
     </span>
     <span class='ocr_line' id='line_1_3' title="bbox 601 616 3060 704; baseline 0 -22"><span class='ocrx_word' id='word_1_17' title='bbox 601 616 685 682; x_wconf 89' lang='grc'><em>28</em></span> <span class='ocrx_word' id='word_1_18' title='bbox 750 617 940 682; x_wconf 92' lang='lat' dir='ltr'><em>occiso</em></span> <span class='ocrx_word' id='word_1_19' title='bbox 995 619 1344 684; x_wconf 75' lang='lat' dir='ltr'><em>centurione</em></span> <span class='ocrx_word' id='word_1_20' title='bbox 1396 640 1471 683; x_wconf 90' lang='lat' dir='ltr'><em>ac</em></span> <span class='ocrx_word' id='word_1_21' title='bbox 1523 619 1841 686; x_wconf 71' lang='lat' dir='ltr'><em>militibus.</em></span> <span class='ocrx_word' id='word_1_22' title='bbox 1931 619 2015 684; x_wconf 81' lang='lat' dir='ltr'><em>ib.</em></span> <span class='ocrx_word' id='word_1_23' title='bbox 2070 620 2307 685; x_wconf 85' lang='lat' dir='ltr'><em>adactis</em></span> <span class='ocrx_word' id='word_1_24' title='bbox 2354 620 2877 704; x_wconf 75' lang='lat' dir='ltr'><em>yubernatoribus.</em></span> <span class='ocrx_word' id='word_1_25' title='bbox 2970 621 3060 684; x_wconf 85' lang='lat'><em>39</em></span> 
     </span>
     <span class='ocr_line' id='line_1_4' title="bbox 599 724 3065 792; baseline 0.002 -5"><span class='ocrx_word' id='word_1_26' title='bbox 599 727 688 788; x_wconf 89' lang='lat' dir='ltr'><em>tot</em></span> <span class='ocrx_word' id='word_1_27' title='bbox 730 724 1030 789; x_wconf 78' lang='lat' dir='ltr'><em>militibus</em></span> <span class='ocrx_word' id='word_1_28' title='bbox 1073 726 1280 790; x_wconf 91' lang='lat' dir='ltr'><em>caesis.</em></span> <span class='ocrx_word' id='word_1_29' title='bbox 1371 726 1457 791; x_wconf 87' lang='lat'><em>43</em></span> <span class='ocrx_word' id='word_1_30' title='bbox 1517 727 1660 792; x_wconf 84' lang='lat' dir='ltr'><em>lecto</em></span> <span class='ocrx_word' id='word_1_31' title='bbox 1715 731 2087 792; x_wconf 79' lang='lat' dir='ltr'><em>testamento.</em></span> <span class='ocrx_word' id='word_1_32' title='bbox 2173 726 2384 792; x_wconf 86' lang='lat' dir='ltr'><strong>Germ.</strong></span> <span class='ocrx_word' id='word_1_33' title='bbox 2431 729 2472 792; x_wconf 89' lang='lat'><strong>3</strong></span> <span class='ocrx_word' id='word_1_34' title='bbox 2536 727 2777 792; x_wconf 81' lang='lat' dir='ltr'><em>obiectis</em></span> <span class='ocrx_word' id='word_1_35' title='bbox 2838 727 2927 791; x_wconf 86' lang='lat' dir='ltr'><em>ad</em></span> <span class='ocrx_word' id='word_1_36' title='bbox 2994 747 3065 791; x_wconf 91' lang='lat' dir='ltr'><em>os</em></span> 
     </span>
     <span class='ocr_line' id='line_1_5' title="bbox 596 831 3067 917; baseline 0.002 -23"><span class='ocrx_word' id='word_1_37' title='bbox 596 831 796 894; x_wconf 87' lang='lat' dir='ltr'><em>scutis.</em></span> <span class='ocrx_word' id='word_1_38' title='bbox 908 831 989 894; x_wconf 88' lang='grc'><em>12</em></span> <span class='ocrx_word' id='word_1_39' title='bbox 1045 852 1292 914; x_wconf 88' lang='lat' dir='ltr'><em>corpore</em></span> <span class='ocrx_word' id='word_1_40' title='bbox 1343 834 1612 914; x_wconf 70' lang='lat' dir='ltr'><em>inf&#39;asmes</em></span> <span class='ocrx_word' id='word_1_41' title='bbox 1674 855 1853 898; x_wconf 91' lang='lat' dir='ltr'><em>coeno</em></span> <span class='ocrx_word' id='word_1_42' title='bbox 1916 839 1975 898; x_wconf 90' lang='lat' dir='ltr'><em>et</em></span> <span class='ocrx_word' id='word_1_43' title='bbox 2012 834 2247 917; x_wconf 84' lang='lat' dir='ltr'><em>palude</em></span> <span class='ocrx_word' id='word_1_44' title='bbox 2308 835 2531 898; x_wconf 83' lang='lat' dir='ltr'><em>iniecta</em></span> <span class='ocrx_word' id='word_1_45' title='bbox 2584 834 2836 916; x_wconf 87' lang='lat' dir='ltr'><em>insuper</em></span> <span class='ocrx_word' id='word_1_46' title='bbox 2886 839 3067 899; x_wconf 84' lang='lat' dir='ltr'><em>crate</em></span> 
     </span>
     <span class='ocr_line' id='line_1_6' title="bbox 597 937 3065 1022; baseline 0.002 -23"><span class='ocrx_word' id='word_1_47' title='bbox 597 941 892 1019; x_wconf 74' lang='lat' dir='ltr'><em>mcryunt.</em></span> <span class='ocrx_word' id='word_1_48' title='bbox 969 937 1114 1003; x_wconf 84' lang='lat' dir='ltr'><em>dial.</em></span> <span class='ocrx_word' id='word_1_49' title='bbox 1168 940 1199 1002; x_wconf 90' lang='lat'>1</span> <span class='ocrx_word' id='word_1_50' title='bbox 1258 945 1492 1005; x_wconf 87' lang='lat' dir='ltr'><em>servato</em></span> <span class='ocrx_word' id='word_1_51' title='bbox 1539 941 1755 1006; x_wconf 80' lang='lat' dir='ltr'><em>ordine</em></span> <span class='ocrx_word' id='word_1_52' title='bbox 1797 940 2251 1022; x_wconf 66' lang='lat' dir='ltr'><em>disputationis.</em></span> <span class='ocrx_word' id='word_1_53' title='bbox 2325 940 2407 1003; x_wconf 88' lang='lat'><em>31</em></span> <span class='ocrx_word' id='word_1_54' title='bbox 2462 944 2686 1021; x_wconf 87' lang='lat' dir='ltr'><em>parato</em></span> <span class='ocrx_word' id='word_1_55' title='bbox 2740 941 2911 1004; x_wconf 86' lang='lat' dir='ltr'><em>omni</em></span> <span class='ocrx_word' id='word_1_56' title='bbox 2964 942 3065 1004; x_wconf 87' lang='lat' dir='ltr'><em>in-</em></span> 
     </span>
     <span class='ocr_line' id='line_1_7' title="bbox 595 1045 3064 1133; baseline 0.002 -27"><span class='ocrx_word' id='word_1_57' title='bbox 595 1047 930 1106; x_wconf 85' lang='lat' dir='ltr'><em>strumento</em></span> <span class='ocrx_word' id='word_1_58' title='bbox 957 1049 1015 1108; x_wconf 91' lang='lat' dir='ltr'><em>et</em></span> <span class='ocrx_word' id='word_1_59' title='bbox 1037 1045 1126 1110; x_wconf 90' lang='lat' dir='ltr'><em>ad</em></span> <span class='ocrx_word' id='word_1_60' title='bbox 1149 1066 1388 1112; x_wconf 89' lang='lat' dir='ltr'><em>omnem</em></span> <span class='ocrx_word' id='word_1_61' title='bbox 1413 1067 1595 1112; x_wconf 85' lang='lat' dir='ltr'><em>usum</em></span> <span class='ocrx_word' id='word_1_62' title='bbox 1620 1048 1898 1130; x_wconf 78' lang='lat' dir='ltr'><em>reposito·</em></span> <span class='ocrx_word' id='word_1_63' title='bbox 1944 1046 2101 1133; x_wconf 83' lang='lat' dir='ltr'><em>Agr.</em></span> <span class='ocrx_word' id='word_1_64' title='bbox 2136 1048 2218 1112; x_wconf 89' lang='lat'><em>14</em></span> <span class='ocrx_word' id='word_1_65' title='bbox 2262 1047 2530 1114; x_wconf 83' lang='lat' dir='ltr'><em>subactis</em></span> <span class='ocrx_word' id='word_1_66' title='bbox 2554 1047 2914 1112; x_wconf 84' lang='lat' dir='ltr'><em>nationibus</em></span> <span class='ocrx_word' id='word_1_67' title='bbox 2944 1049 3064 1129; x_wconf 81' lang='lat' dir='ltr'><em>fir-</em></span> 
     </span>
     <span class='ocr_line' id='line_1_8' title="bbox 596 1149 3066 1239; baseline 0.003 -27"><span class='ocrx_word' id='word_1_68' title='bbox 596 1149 896 1232; x_wconf 81' lang='lat' dir='ltr'><em>matisque</em></span> <span class='ocrx_word' id='word_1_69' title='bbox 925 1153 1274 1232; x_wconf 77' lang='lat' dir='ltr'><em>praesidiis.</em></span> <span class='ocrx_word' id='word_1_70' title='bbox 1337 1154 1487 1220; x_wconf 77' lang='lat' dir='ltr'><em>hist.</em></span> <span class='ocrx_word' id='word_1_71' title='bbox 1525 1154 1582 1239; x_wconf 93' lang='lat' dir='ltr'>I,</span> <span class='ocrx_word' id='word_1_72' title='bbox 1623 1155 1706 1219; x_wconf 82' lang='lat'><em>76</em></span> <span class='ocrx_word' id='word_1_73' title='bbox 1744 1155 1925 1219; x_wconf 86' lang='lat' dir='ltr'><em>initio</em></span> <span class='ocrx_word' id='word_1_74' title='bbox 1962 1153 2339 1238; x_wconf 74' lang='lat' dir='ltr'><em>Carthayine</em></span> <span class='ocrx_word' id='word_1_75' title='bbox 2373 1159 2521 1219; x_wconf 77' lang='lat' dir='ltr'><em>orto,</em></span> <span class='ocrx_word' id='word_1_76' title='bbox 2598 1152 2694 1238; x_wconf 90' lang='lat' dir='ltr'><em>II,</em></span> <span class='ocrx_word' id='word_1_77' title='bbox 2722 1154 2808 1218; x_wconf 84' lang='lat'><em>53</em></span> <span class='ocrx_word' id='word_1_78' title='bbox 2844 1156 3066 1236; x_wconf 58' lang='lat' dir='ltr'><em>nasum</em></span> 
     </span>
     <span class='ocr_line' id='line_1_9' title="bbox 596 1258 3067 1345; baseline 0.003 -25"><span class='ocrx_word' id='word_1_79' title='bbox 596 1258 888 1321; x_wconf 85' lang='lat' dir='ltr'><em>viventem</em></span> <span class='ocrx_word' id='word_1_80' title='bbox 925 1259 1169 1339; x_wconf 80' lang='lat' dir='ltr'><em>quidem</em></span> <span class='ocrx_word' id='word_1_81' title='bbox 1203 1260 1505 1341; x_wconf 91' lang='lat' dir='ltr'><em>relictum,</em></span> <span class='ocrx_word' id='word_1_82' title='bbox 1551 1263 1659 1327; x_wconf 89' lang='lat' dir='ltr'><em>sed</em></span> <span class='ocrx_word' id='word_1_83' title='bbox 1698 1263 1833 1327; x_wconf 87' lang='lat' dir='ltr'><em>sola</em></span> <span class='ocrx_word' id='word_1_84' title='bbox 1856 1262 2239 1345; x_wconf 76' lang='lat' dir='ltr'><em>posteritatis</em></span> <span class='ocrx_word' id='word_1_85' title='bbox 2282 1283 2434 1326; x_wconf 90' lang='lat' dir='ltr'><em>cura</em></span> <span class='ocrx_word' id='word_1_86' title='bbox 2468 1267 2528 1326; x_wconf 89' lang='lat' dir='ltr'><em>et</em></span> <span class='ocrx_word' id='word_1_87' title='bbox 2568 1261 2849 1344; x_wconf 75' lang='lat' dir='ltr'><em>abruptis</em></span> <span class='ocrx_word' id='word_1_88' title='bbox 2892 1263 3067 1328; x_wconf 83' lang='lat' dir='ltr'><em>vitae</em></span> 
     </span>
     <span class='ocr_line' id='line_1_10' title="bbox 598 1362 3063 1451; baseline 0.002 -23"><span class='ocrx_word' id='word_1_89' title='bbox 598 1362 1046 1432; x_wconf 78' lang='lat' dir='ltr'><em>blandimentis.</em></span> <span class='ocrx_word' id='word_1_90' title='bbox 1120 1365 1184 1430; x_wconf 92' lang='lat' dir='ltr'><em>II</em></span> <span class='ocrx_word' id='word_1_91' title='bbox 1194 1415 1213 1451; x_wconf 95' lang='lat'>,</span> <span class='ocrx_word' id='word_1_92' title='bbox 1259 1367 1345 1433; x_wconf 84' lang='lat'><em>85</em></span> <span class='ocrx_word' id='word_1_93' title='bbox 1397 1368 1674 1434; x_wconf 79' lang='lat' dir='ltr'><em>Moesiae</em></span> <span class='ocrx_word' id='word_1_94' title='bbox 1716 1373 1911 1433; x_wconf 91' lang='lat' dir='ltr'><em>rector</em></span> <span class='ocrx_word' id='word_1_95' title='bbox 1943 1369 2284 1450; x_wconf 81' lang='lat' dir='ltr'><em>pessimnm</em></span> <span class='ocrx_word' id='word_1_96' title='bbox 2322 1368 2573 1450; x_wconf 86' lang='lat' dir='ltr'><em>facinus</em></span> <span class='ocrx_word' id='word_1_97' title='bbox 2615 1368 2803 1432; x_wconf 88' lang='lat' dir='ltr'><em>misso</em></span> <span class='ocrx_word' id='word_1_98' title='bbox 2850 1373 3063 1433; x_wconf 82' lang='lat' dir='ltr'><em>centu-</em></span> 
     </span>
     <span class='ocr_line' id='line_1_11' title="bbox 596 1471 3063 1559; baseline 0.003 -27"><span class='ocrx_word' id='word_1_99' title='bbox 596 1471 772 1534; x_wconf 91' lang='lat' dir='ltr'><em>rione</em></span> <span class='ocrx_word' id='word_1_100' title='bbox 814 1472 902 1536; x_wconf 90' lang='lat' dir='ltr'><em>ad</em></span> <span class='ocrx_word' id='word_1_101' title='bbox 942 1473 1431 1556; x_wconf 76' lang='lat' dir='ltr'><em>interficiendum</em></span> <span class='ocrx_word' id='word_1_102' title='bbox 1474 1476 1739 1542; x_wconf 83' lang='lat' dir='ltr'><em>Tettium</em></span> <span class='ocrx_word' id='word_1_103' title='bbox 1774 1475 2122 1541; x_wconf 85' lang='lat' dir='ltr'><em>Iulianum.</em></span> <span class='ocrx_word' id='word_1_104' title='bbox 2204 1474 2286 1559; x_wconf 93' lang='lat' dir='ltr'><em>V,</em></span> <span class='ocrx_word' id='word_1_105' title='bbox 2314 1475 2401 1540; x_wconf 88' lang='grc'><em>20</em></span> <span class='ocrx_word' id='word_1_106' title='bbox 2445 1475 2539 1540; x_wconf 83' lang='lat' dir='ltr'><em>ita</em></span> <span class='ocrx_word' id='word_1_107' title='bbox 2581 1475 2799 1540; x_wconf 84' lang='lat' dir='ltr'><em>divisis</em></span> <span class='ocrx_word' id='word_1_108' title='bbox 2843 1476 3063 1558; x_wconf 79' lang='lat' dir='ltr'><em>copiis.</em></span> 
     </span>
    </p>
   </div>
   <div class='ocr_carea' id='block_1_3' title="bbox 916 1659 1681 1731">
    <p class='ocr_par' dir='ltr' id='par_1_3' title="bbox 916 1659 1681 1731">
     <span class='ocr_line' id='line_1_12' title="bbox 916 1659 1681 1731; baseline 0.003 -14"><span class='ocrx_word' id='word_1_109' title='bbox 916 1659 1004 1717; x_wconf 91' lang='lat'><em>11.</em></span> <span class='ocrx_word' id='word_1_110' title='bbox 1050 1660 1259 1731; x_wconf 83' lang='lat' dir='ltr'><em>Apud</em></span> <span class='ocrx_word' id='word_1_111' title='bbox 1303 1661 1681 1719; x_wconf 81' lang='lat' dir='ltr'><em>Velleium:</em></span> 
     </span>
    </p>
   </div>
   <div class='ocr_carea' id='block_1_4' title="bbox 587 1790 3067 2076">
    <p class='ocr_par' dir='ltr' id='par_1_4' title="bbox 587 1790 3067 2076">
     <span class='ocr_line' id='line_1_13' title="bbox 777 1790 3067 1878; baseline 0.003 -23"><span class='ocrx_word' id='word_1_112' title='bbox 777 1790 843 1856; x_wconf 96' lang='lat' dir='ltr'><em>II</em></span> <span class='ocrx_word' id='word_1_113' title='bbox 853 1841 872 1876; x_wconf 94' lang='lat'>,</span> <span class='ocrx_word' id='word_1_114' title='bbox 918 1793 1003 1858; x_wconf 88' lang='lat'><em>48</em></span> <span class='ocrx_word' id='word_1_115' title='bbox 1050 1794 1160 1878; x_wconf 80' lang='lat' dir='ltr'><em>qui</em></span> <span class='ocrx_word' id='word_1_116' title='bbox 1202 1795 1260 1860; x_wconf 92' lang='lat' dir='ltr'><em>si</em></span> <span class='ocrx_word' id='word_1_117' title='bbox 1304 1800 1448 1860; x_wconf 88' lang='lat' dir='ltr'><em>ante</em></span> <span class='ocrx_word' id='word_1_118' title='bbox 1491 1796 1807 1860; x_wconf 78' lang='lat' dir='ltr'><em>biennium</em></span> <span class='ocrx_word' id='word_1_119' title='bbox 1850 1815 2039 1878; x_wconf 78' lang='lat' dir='ltr'><em>quam</em></span> <span class='ocrx_word' id='word_1_120' title='bbox 2084 1797 2173 1862; x_wconf 88' lang='lat' dir='ltr'><em>ad</em></span> <span class='ocrx_word' id='word_1_121' title='bbox 2212 1816 2395 1860; x_wconf 87' lang='lat' dir='ltr'><em>arma</em></span> <span class='ocrx_word' id='word_1_122' title='bbox 2438 1797 2599 1860; x_wconf 87' lang='lat' dir='ltr'><em>itum</em></span> <span class='ocrx_word' id='word_1_123' title='bbox 2645 1801 2735 1862; x_wconf 89' lang='lat' dir='ltr'><em>est</em></span> <span class='ocrx_word' id='word_1_124' title='bbox 2764 1797 3067 1878; x_wconf 80' lang='lat' dir='ltr'><em>perfectis</em></span> 
     </span>
     <span class='ocr_line' id='line_1_14' title="bbox 587 1899 3065 1986; baseline 0.002 -23"><span class='ocrx_word' id='word_1_125' title='bbox 587 1899 878 1982; x_wconf 85' lang='lat' dir='ltr'><em>perfectis</em></span> <span class='ocrx_word' id='word_1_126' title='bbox 911 1899 1267 1966; x_wconf 85' lang='lat' dir='ltr'><em>muneribus</em></span> <span class='ocrx_word' id='word_1_127' title='bbox 1303 1900 1530 1966; x_wconf 80' lang='lat' dir='ltr'><em>theatri</em></span> <span class='ocrx_word' id='word_1_128' title='bbox 1565 1907 1623 1966; x_wconf 90' lang='lat' dir='ltr'><em>et</em></span> <span class='ocrx_word' id='word_1_129' title='bbox 1656 1902 1927 1966; x_wconf 88' lang='lat' dir='ltr'><em>aliorum</em></span> <span class='ocrx_word' id='word_1_130' title='bbox 1962 1921 2213 1986; x_wconf 87' lang='lat' dir='ltr'><em>operum</em></span> <span class='ocrx_word' id='word_1_131' title='bbox 2251 1951 2265 1967; x_wconf 88' lang='lat'><em>.</em></span> <span class='ocrx_word' id='word_1_132' title='bbox 2302 1949 2319 1968; x_wconf 91' lang='lat'><em>.</em></span> <span class='ocrx_word' id='word_1_133' title='bbox 2357 1952 2370 1966; x_wconf 95' lang='lat'><em>.</em></span> <span class='ocrx_word' id='word_1_134' title='bbox 2407 1951 2424 1967; x_wconf 93' lang='lat'><em>.</em></span> <span class='ocrx_word' id='word_1_135' title='bbox 2460 1903 2815 1968; x_wconf 76' lang='lat' dir='ltr'><em>decessisset.</em></span> <span class='ocrx_word' id='word_1_136' title='bbox 2890 1902 2945 1986; x_wconf 91' lang='lat' dir='ltr'>I,</span> <span class='ocrx_word' id='word_1_137' title='bbox 2982 1905 3065 1967; x_wconf 83' lang='lat'><em>12</em></span> 
     </span>
     <span class='ocr_line' id='line_1_15' title="bbox 596 2006 3063 2076; baseline 0.002 -6"><span class='ocrx_word' id='word_1_138' title='bbox 596 2006 888 2070; x_wconf 85' lang='lat' dir='ltr'><em>universa</em></span> <span class='ocrx_word' id='word_1_139' title='bbox 923 2006 1139 2070; x_wconf 81' lang='lat' dir='ltr'><em>deinde</em></span> <span class='ocrx_word' id='word_1_140' title='bbox 1181 2007 1477 2072; x_wconf 86' lang='lat' dir='ltr'><em>instincta</em></span> <span class='ocrx_word' id='word_1_141' title='bbox 1521 2009 1593 2073; x_wconf 91' lang='lat' dir='ltr'><em>in</em></span> <span class='ocrx_word' id='word_1_142' title='bbox 1637 2009 1860 2074; x_wconf 91' lang='lat' dir='ltr'><em>bellum</em></span> <span class='ocrx_word' id='word_1_143' title='bbox 1895 2008 2141 2072; x_wconf 81' lang='lat' dir='ltr'><em>Achaia</em></span> <span class='ocrx_word' id='word_1_144' title='bbox 2188 2059 2202 2073; x_wconf 90' lang='lat'><em>.</em></span> <span class='ocrx_word' id='word_1_145' title='bbox 2240 2058 2257 2074; x_wconf 95' lang='lat'><em>.</em></span> <span class='ocrx_word' id='word_1_146' title='bbox 2294 2058 2309 2073; x_wconf 92' lang='lat'><em>.</em></span> <span class='ocrx_word' id='word_1_147' title='bbox 2348 2059 2361 2074; x_wconf 95' lang='lat'><em>.</em></span> <span class='ocrx_word' id='word_1_148' title='bbox 2406 2011 2678 2074; x_wconf 79' lang='lat' dir='ltr'><em>maxime</em></span> <span class='ocrx_word' id='word_1_149' title='bbox 2714 2008 3063 2076; x_wconf 76' lang='lat' dir='ltr'><em>Corinthiis</em></span> 
     </span>
    </p>
   </div>
   <div class='ocr_carea' id='block_1_5' title="bbox 601 2110 3058 2200">
    <p class='ocr_par' dir='ltr' id='par_1_5' title="bbox 601 2110 3058 2200">
     <span class='ocr_line' id='line_1_16' title="bbox 601 2110 3058 2200; baseline 0.003 -26"><span class='ocrx_word' id='word_1_150' title='bbox 601 2110 672 2175; x_wconf 92' lang='lat' dir='ltr'><em>in</em></span> <span class='ocrx_word' id='word_1_151' title='bbox 715 2132 900 2176; x_wconf 87' lang='lat' dir='ltr'><em>arma</em></span> <span class='ocrx_word' id='word_1_152' title='bbox 943 2133 1082 2178; x_wconf 88' lang='lat' dir='ltr'><em>cum</em></span> <span class='ocrx_word' id='word_1_153' title='bbox 1120 2115 1416 2197; x_wconf 75' lang='lat' dir='ltr'><em>yravilms</em></span> <span class='ocrx_word' id='word_1_154' title='bbox 1459 2117 1647 2181; x_wconf 90' lang='lat' dir='ltr'><em>etiam</em></span> <span class='ocrx_word' id='word_1_155' title='bbox 1693 2117 1763 2180; x_wconf 92' lang='lat' dir='ltr'><em>in</em></span> <span class='ocrx_word' id='word_1_156' title='bbox 1798 2115 2114 2183; x_wconf 87' lang='lat' dir='ltr'><em>Romanos</em></span> <span class='ocrx_word' id='word_1_157' title='bbox 2156 2116 2538 2182; x_wconf 87' lang='lat' dir='ltr'><em>contumeliis</em></span> <span class='ocrx_word' id='word_1_158' title='bbox 2582 2115 3058 2200; x_wconf 71' lang='lat' dir='ltr'><em>instayantibus.</em></span> 
     </span>
    </p>
   </div>
   <div class='ocr_carea' id='block_1_6' title="bbox 597 2323 3059 2522">
    <p class='ocr_par' dir='ltr' id='par_1_6' title="bbox 597 2323 3059 2522">
     <span class='ocr_line' id='line_1_17' title="bbox 599 2323 3059 2415; baseline 0.002 -24"><span class='ocrx_word' id='word_1_159' title='bbox 599 2323 661 2410; x_wconf 84' lang='lat' dir='ltr'><em>c)</em></span> <span class='ocrx_word' id='word_1_160' title='bbox 719 2326 828 2391; x_wconf 84' lang='lat' dir='ltr'><em>De</em></span> <span class='ocrx_word' id='word_1_161' title='bbox 873 2329 1282 2414; x_wconf 75' lang='lat' dir='ltr'><em>participii</em></span> <span class='ocrx_word' id='word_1_162' title='bbox 1338 2329 1584 2395; x_wconf 75' lang='lat' dir='ltr'><em>futuri</em></span> <span class='ocrx_word' id='word_1_163' title='bbox 1629 2330 1899 2415; x_wconf 75' lang='lat' dir='ltr'><em>activi,</em></span> <span class='ocrx_word' id='word_1_164' title='bbox 1956 2329 2085 2395; x_wconf 76' lang='lat' dir='ltr'><em>fut.</em></span> <span class='ocrx_word' id='word_1_165' title='bbox 2133 2349 2359 2415; x_wconf 67' lang='lat' dir='ltr'><em>pase„</em></span> <span class='ocrx_word' id='word_1_166' title='bbox 2403 2330 2735 2414; x_wconf 76' lang='lat' dir='ltr'><em>perfecti</em></span> <span class='ocrx_word' id='word_1_167' title='bbox 2784 2331 3059 2396; x_wconf 68' lang='lat' dir='ltr'><em>verbo«</em></span> 
     </span>
     <span class='ocr_line' id='line_1_18' title="bbox 597 2433 3041 2522; baseline 0.002 -26"><span class='ocrx_word' id='word_1_168' title='bbox 597 2454 758 2497; x_wconf 85' lang='lat' dir='ltr'><em>rum</em></span> <span class='ocrx_word' id='word_1_169' title='bbox 797 2433 1060 2519; x_wconf 88' lang='lat' dir='ltr'><em>depon.</em></span> <span class='ocrx_word' id='word_1_170' title='bbox 1096 2437 1446 2503; x_wconf 75' lang='lat' dir='ltr'><em>ablativo</em></span> <span class='ocrx_word' id='word_1_171' title='bbox 1485 2437 1723 2502; x_wconf 83' lang='lat' dir='ltr'><em>absol.</em></span> <span class='ocrx_word' id='word_1_172' title='bbox 1754 2437 2087 2502; x_wconf 89' lang='lat' dir='ltr'><em>omnium</em></span> <span class='ocrx_word' id='word_1_173' title='bbox 2126 2456 2486 2521; x_wconf 84' lang='lat' dir='ltr'><em>generum</em></span> <span class='ocrx_word' id='word_1_174' title='bbox 2524 2436 2603 2501; x_wconf 82' lang='lat' dir='ltr'><em>cf.</em></span> <span class='ocrx_word' id='word_1_175' title='bbox 2630 2458 2692 2520; x_wconf 91' lang='lat' dir='ltr'><em>p.</em></span> <span class='ocrx_word' id='word_1_176' title='bbox 2722 2437 2873 2500; x_wconf 87' lang='grc'><em>104</em></span> <span class='ocrx_word' id='word_1_177' title='bbox 2905 2459 3041 2522; x_wconf 88' lang='lat' dir='ltr'><em>squ.</em></span> 
     </span>
    </p>
   </div>
   <div class='ocr_carea' id='block_1_7' title="bbox 598 2573 3047 2976">
    <p class='ocr_par' dir='ltr' id='par_1_7' title="bbox 598 2573 3047 2976">
     <span class='ocr_line' id='line_1_19' title="bbox 598 2573 3047 2699; baseline 0.002 -23"><span class='ocrx_word' id='word_1_178' title='bbox 598 2610 666 2677; x_wconf 91' lang='lat' dir='ltr'><em>B.</em></span> <span class='ocrx_word' id='word_1_179' title='bbox 729 2612 820 2677; x_wconf 80' lang='lat' dir='ltr'><em>Do</em></span> <span class='ocrx_word' id='word_1_180' title='bbox 858 2611 1148 2681; x_wconf 77' lang='lat' dir='ltr'><em>ablativo</em></span> <span class='ocrx_word' id='word_1_181' title='bbox 1187 2611 1482 2680; x_wconf 77' lang='lat' dir='ltr'><em>absoluto</em></span> <span class='ocrx_word' id='word_1_182' title='bbox 1521 2614 1633 2697; x_wconf 86' lang='lat' dir='ltr'><em>qui</em></span> <span class='ocrx_word' id='word_1_183' title='bbox 1677 2614 1923 2682; x_wconf 76' lang='lat' dir='ltr'><em>rationi</em></span> <span class='ocrx_word' id='word_1_184' title='bbox 1957 2612 2295 2699; x_wconf 76' lang='lat' dir='ltr'><em>temporali</em></span> <span class='ocrx_word' id='word_1_185' title='bbox 2332 2613 2611 2680; x_wconf 79' lang='lat' dir='ltr'><em>inservit</em></span> <span class='ocrx_word' id='word_1_186' title='bbox 2644 2573 3047 2680; x_wconf 54' lang='lat' dir='ltr'><em>definiendae.</em></span> 
     </span>
     <span class='ocr_line' id='line_1_20' title="bbox 999 2753 2629 2843; baseline 0.003 -24"><span class='ocrx_word' id='word_1_187' title='bbox 999 2753 1067 2841; x_wconf 86' lang='lat' dir='ltr'><em>a)</em></span> <span class='ocrx_word' id='word_1_188' title='bbox 1115 2755 1221 2821; x_wconf 82' lang='lat' dir='ltr'><em>De</em></span> <span class='ocrx_word' id='word_1_189' title='bbox 1265 2757 1694 2841; x_wconf 72' lang='lat' dir='ltr'><em>participio</em></span> <span class='ocrx_word' id='word_1_190' title='bbox 1740 2759 2183 2843; x_wconf 74' lang='lat' dir='ltr'><em>praesentis</em></span> <span class='ocrx_word' id='word_1_191' title='bbox 2230 2758 2629 2842; x_wconf 77' lang='lat' dir='ltr'><em>temporis,</em></span> 
     </span>
     <span class='ocr_line' id='line_1_21' title="bbox 918 2905 1604 2976; baseline 0.004 -15"><span class='ocrx_word' id='word_1_192' title='bbox 918 2907 971 2962; x_wconf 92' lang='grc' dir='ltr'><em>Ι.</em></span> <span class='ocrx_word' id='word_1_193' title='bbox 1016 2905 1224 2976; x_wconf 83' lang='lat' dir='ltr'><em>Apud</em></span> <span class='ocrx_word' id='word_1_194' title='bbox 1267 2906 1604 2965; x_wconf 73' lang='lat' dir='ltr'><em>Tacitum:</em></span> 
     </span>
    </p>
   </div>
   <div class='ocr_carea' id='block_1_8' title="bbox 592 3021 3060 4385">
    <p class='ocr_par' dir='ltr' id='par_1_8' title="bbox 592 3021 3060 4385">
     <span class='ocr_line' id='line_1_22' title="bbox 779 3021 3055 3107; baseline 0.002 -22"><span class='ocrx_word' id='word_1_195' title='bbox 779 3021 946 3085; x_wconf 85' lang='lat' dir='ltr'><em>Ann.</em></span> <span class='ocrx_word' id='word_1_196' title='bbox 984 3021 1042 3106; x_wconf 92' lang='lat' dir='ltr'>I,</span> <span class='ocrx_word' id='word_1_197' title='bbox 1085 3024 1116 3085; x_wconf 95' lang='lat'>1</span> <span class='ocrx_word' id='word_1_198' title='bbox 1173 3022 1404 3088; x_wconf 66' lang='lat' dir='ltr'><em>Tiberii</em></span> <span class='ocrx_word' id='word_1_199' title='bbox 1440 3023 1683 3106; x_wconf 77' lang='lat' dir='ltr'><em>Gaique</em></span> <span class='ocrx_word' id='word_1_200' title='bbox 1726 3030 1783 3089; x_wconf 90' lang='lat' dir='ltr'><em>et</em></span> <span class='ocrx_word' id='word_1_201' title='bbox 1824 3024 2082 3091; x_wconf 79' lang='lat' dir='ltr'><em>Claudii</em></span> <span class='ocrx_word' id='word_1_202' title='bbox 2126 3046 2200 3090; x_wconf 89' lang='lat' dir='ltr'><em>ac</em></span> <span class='ocrx_word' id='word_1_203' title='bbox 2237 3024 2507 3091; x_wconf 91' lang='lat' dir='ltr'><em>Neronis</em></span> <span class='ocrx_word' id='word_1_204' title='bbox 2551 3047 2649 3091; x_wconf 89' lang='lat' dir='ltr'><em>res</em></span> <span class='ocrx_word' id='word_1_205' title='bbox 2694 3024 3055 3107; x_wconf 78' lang='lat' dir='ltr'><em>florentibus</em></span> 
     </span>
     <span class='ocr_line' id='line_1_23' title="bbox 598 3129 3056 3213; baseline 0.001 -20"><span class='ocrx_word' id='word_1_206' title='bbox 598 3129 754 3209; x_wconf 89' lang='lat' dir='ltr'><em>ipsis</em></span> <span class='ocrx_word' id='word_1_207' title='bbox 799 3129 871 3193; x_wconf 93' lang='lat' dir='ltr'><em>ob</em></span> <span class='ocrx_word' id='word_1_208' title='bbox 916 3134 1142 3194; x_wconf 87' lang='lat' dir='ltr'><em>metum</em></span> <span class='ocrx_word' id='word_1_209' title='bbox 1182 3130 1384 3210; x_wconf 79' lang='lat' dir='ltr'><em>f&#39;alsae</em></span> <span class='ocrx_word' id='word_1_210' title='bbox 1415 3136 1749 3212; x_wconf 74' lang='lat' dir='ltr'><em>postquam</em></span> <span class='ocrx_word' id='word_1_211' title='bbox 1794 3132 2139 3195; x_wconf 87' lang='lat' dir='ltr'><em>occiderant</em></span> <span class='ocrx_word' id='word_1_212' title='bbox 2178 3132 2513 3196; x_wconf 79' lang='lat' dir='ltr'><em>recentibus</em></span> <span class='ocrx_word' id='word_1_213' title='bbox 2557 3133 2718 3197; x_wconf 89' lang='lat' dir='ltr'><em>odiis</em></span> <span class='ocrx_word' id='word_1_214' title='bbox 2764 3132 3056 3213; x_wconf 82' lang='lat' dir='ltr'><em>composi-</em></span> 
     </span>
     <span class='ocr_line' id='line_1_24' title="bbox 601 3235 3054 3319; baseline 0 -19"><span class='ocrx_word' id='word_1_215' title='bbox 601 3241 696 3300; x_wconf 84' lang='lat' dir='ltr'><em>tae</em></span> <span class='ocrx_word' id='word_1_216' title='bbox 740 3241 902 3301; x_wconf 88' lang='lat' dir='ltr'><em>sunt.</em></span> <span class='ocrx_word' id='word_1_217' title='bbox 981 3236 1032 3319; x_wconf 94' lang='lat' dir='ltr'>I,</span> <span class='ocrx_word' id='word_1_218' title='bbox 1078 3236 1163 3301; x_wconf 81' lang='lat'><em>53</em></span> <span class='ocrx_word' id='word_1_219' title='bbox 1209 3236 1564 3316; x_wconf 78' lang='lat' dir='ltr'><em>florentibus</em></span> <span class='ocrx_word' id='word_1_220' title='bbox 1611 3236 1775 3301; x_wconf 79' lang='lat' dir='ltr'><em>Gaio</em></span> <span class='ocrx_word' id='word_1_221' title='bbox 1819 3242 1879 3300; x_wconf 91' lang='lat' dir='ltr'><em>et</em></span> <span class='ocrx_word' id='word_1_222' title='bbox 1918 3237 2113 3301; x_wconf 82' lang='lat' dir='ltr'><em>Lucio</em></span> <span class='ocrx_word' id='word_1_223' title='bbox 2160 3235 2545 3303; x_wconf 80' lang='lat' dir='ltr'><em>Caesaribus.</em></span> <span class='ocrx_word' id='word_1_224' title='bbox 2618 3237 2710 3315; x_wconf 88' lang='grc' dir='ltr'><em>ΙΙ,</em></span> <span class='ocrx_word' id='word_1_225' title='bbox 2756 3238 2841 3301; x_wconf 85' lang='lat'><em>37</em></span> <span class='ocrx_word' id='word_1_226' title='bbox 2892 3257 3054 3301; x_wconf 90' lang='lat' dir='ltr'><em>asse·</em></span> 
     </span>
     <span class='ocr_line' id='line_1_25' title="bbox 596 3341 3057 3428; baseline 0 -21"><span class='ocrx_word' id='word_1_227' title='bbox 596 3348 859 3426; x_wconf 77' lang='lat' dir='ltr'><em>quentur</em></span> <span class='ocrx_word' id='word_1_228' title='bbox 892 3342 1142 3424; x_wconf 75' lang='lat' dir='ltr'><em>florente</em></span> <span class='ocrx_word' id='word_1_229' title='bbox 1188 3346 1241 3407; x_wconf 85' lang='lat' dir='ltr'><em>te</em></span> <span class='ocrx_word' id='word_1_230' title='bbox 1276 3341 1504 3410; x_wconf 82' lang='lat' dir='ltr'><em>Caesar</em></span> <span class='ocrx_word' id='word_1_231' title='bbox 1547 3363 1694 3424; x_wconf 80' lang='lat' dir='ltr'><em>quos</em></span> <span class='ocrx_word' id='word_1_232' title='bbox 1730 3344 1964 3408; x_wconf 86' lang='lat' dir='ltr'><em>dederis</em></span> <span class='ocrx_word' id='word_1_233' title='bbox 2006 3342 2276 3408; x_wconf 79' lang='lat' dir='ltr'><em>honores.</em></span> <span class='ocrx_word' id='word_1_234' title='bbox 2357 3342 2441 3428; x_wconf 96' lang='lat' dir='ltr'><em>II,</em></span> <span class='ocrx_word' id='word_1_235' title='bbox 2468 3345 2556 3409; x_wconf 88' lang='grc'><em>42</em></span> <span class='ocrx_word' id='word_1_236' title='bbox 2599 3344 2851 3424; x_wconf 85' lang='lat' dir='ltr'><em>florente</em></span> <span class='ocrx_word' id='word_1_237' title='bbox 2890 3344 3057 3410; x_wconf 82' lang='lat' dir='ltr'><em>Gaio</em></span> 
     </span>
     <span class='ocr_line' id='line_1_26' title="bbox 599 3445 3058 3533; baseline 0.001 -20"><span class='ocrx_word' id='word_1_238' title='bbox 599 3447 878 3513; x_wconf 82' lang='lat' dir='ltr'><em>Caesare.</em></span> <span class='ocrx_word' id='word_1_239' title='bbox 962 3445 1054 3533; x_wconf 87' lang='lat' dir='ltr'><em>H,</em></span> <span class='ocrx_word' id='word_1_240' title='bbox 1101 3450 1186 3514; x_wconf 89' lang='grc'><em>82</em></span> <span class='ocrx_word' id='word_1_241' title='bbox 1230 3451 1461 3515; x_wconf 85' lang='lat' dir='ltr'><em>vivente</em></span> <span class='ocrx_word' id='word_1_242' title='bbox 1513 3449 1715 3514; x_wconf 88' lang='lat' dir='ltr'><em>adhuc</em></span> <span class='ocrx_word' id='word_1_243' title='bbox 1761 3448 2146 3515; x_wconf 81' lang='lat' dir='ltr'><em>Germanico.</em></span> <span class='ocrx_word' id='word_1_244' title='bbox 2228 3448 2409 3533; x_wconf 89' lang='lat' dir='ltr'>XIII,</span> <span class='ocrx_word' id='word_1_245' title='bbox 2462 3452 2542 3514; x_wconf 91' lang='lat'><em>14</em></span> <span class='ocrx_word' id='word_1_246' title='bbox 2592 3450 2908 3531; x_wconf 86' lang='lat' dir='ltr'><em>ferebatur</em></span> <span class='ocrx_word' id='word_1_247' title='bbox 2962 3454 3058 3517; x_wconf 89' lang='lat' dir='ltr'><em>de-</em></span> 
     </span>
     <span class='ocr_line' id='line_1_27' title="bbox 592 3554 3060 3641; baseline 0.002 -23"><span class='ocrx_word' id='word_1_248' title='bbox 592 3555 898 3637; x_wconf 82' lang='lat' dir='ltr'><em>9rediente</em></span> <span class='ocrx_word' id='word_1_249' title='bbox 941 3576 1007 3620; x_wconf 89' lang='lat' dir='ltr'><em>eo</em></span> <span class='ocrx_word' id='word_1_250' title='bbox 1053 3605 1066 3620; x_wconf 98' lang='lat'><em>.</em></span> <span class='ocrx_word' id='word_1_251' title='bbox 1105 3605 1119 3619; x_wconf 89' lang='lat'><em>.</em></span> <span class='ocrx_word' id='word_1_252' title='bbox 1159 3606 1172 3620; x_wconf 95' lang='lat'><em>.</em></span> <span class='ocrx_word' id='word_1_253' title='bbox 1212 3608 1225 3620; x_wconf 95' lang='lat'><em>.</em></span> <span class='ocrx_word' id='word_1_254' title='bbox 1270 3577 1397 3622; x_wconf 90' lang='lat' dir='ltr'><em>non</em></span> <span class='ocrx_word' id='word_1_255' title='bbox 1441 3556 1702 3621; x_wconf 88' lang='lat' dir='ltr'><em>absurde</em></span> <span class='ocrx_word' id='word_1_256' title='bbox 1737 3555 1980 3622; x_wconf 80' lang='lat' dir='ltr'><em>dixisse.</em></span> <span class='ocrx_word' id='word_1_257' title='bbox 2073 3554 2256 3640; x_wconf 84' lang='lat' dir='ltr'>XIII,</span> <span class='ocrx_word' id='word_1_258' title='bbox 2293 3557 2377 3622; x_wconf 89' lang='lat'><em>38</em></span> <span class='ocrx_word' id='word_1_259' title='bbox 2431 3556 2739 3621; x_wconf 87' lang='lat' dir='ltr'><em>Tiridates</em></span> <span class='ocrx_word' id='word_1_260' title='bbox 2782 3564 3060 3641; x_wconf 64' lang='lat' dir='ltr'><em>vergente</em></span> 
     </span>
     <span class='ocr_line' id='line_1_28' title="bbox 599 3660 3059 3745; baseline 0.002 -21"><span class='ocrx_word' id='word_1_261' title='bbox 599 3662 730 3725; x_wconf 87' lang='lat' dir='ltr'><em>iam</em></span> <span class='ocrx_word' id='word_1_262' title='bbox 766 3660 864 3725; x_wconf 87' lang='lat' dir='ltr'><em>die</em></span> <span class='ocrx_word' id='word_1_263' title='bbox 886 3662 1108 3744; x_wconf 86' lang='lat' dir='ltr'><em>procul</em></span> <span class='ocrx_word' id='word_1_264' title='bbox 1142 3663 1396 3728; x_wconf 74' lang='lat' dir='ltr'><em>adstitit.</em></span> <span class='ocrx_word' id='word_1_265' title='bbox 1478 3660 1661 3745; x_wconf 85' lang='lat' dir='ltr'>XIII,</span> <span class='ocrx_word' id='word_1_266' title='bbox 1690 3662 1728 3727; x_wconf 89' lang='lat'>8</span> <span class='ocrx_word' id='word_1_267' title='bbox 1767 3663 2157 3745; x_wconf 89' lang='lat' dir='ltr'><em>imperitante</em></span> <span class='ocrx_word' id='word_1_268' title='bbox 2193 3661 2475 3729; x_wconf 74' lang='lat' dir='ltr'><em>Claudia</em></span> <span class='ocrx_word' id='word_1_269' title='bbox 2549 3660 2693 3745; x_wconf 89' lang='lat' dir='ltr'><em>XV,</em></span> <span class='ocrx_word' id='word_1_270' title='bbox 2722 3664 2761 3727; x_wconf 90' lang='lat'>6</span> <span class='ocrx_word' id='word_1_271' title='bbox 2798 3664 3059 3729; x_wconf 85' lang='lat' dir='ltr'><em>abeunte</em></span> 
     </span>
     <span class='ocr_line' id='line_1_29' title="bbox 611 3767 3059 3853; baseline 0.002 -21"><span class='ocrx_word' id='word_1_272' title='bbox 611 3767 906 3850; x_wconf 74' lang='lat' dir='ltr'><em>Voloyese.</em></span> <span class='ocrx_word' id='word_1_273' title='bbox 1007 3767 1150 3853; x_wconf 91' lang='lat' dir='ltr'><em>XV,</em></span> <span class='ocrx_word' id='word_1_274' title='bbox 1197 3769 1284 3833; x_wconf 90' lang='lat'><em>34</em></span> <span class='ocrx_word' id='word_1_275' title='bbox 1346 3775 1789 3850; x_wconf 85' lang='lat' dir='ltr'><em>vesperascente</em></span> <span class='ocrx_word' id='word_1_276' title='bbox 1850 3768 1983 3833; x_wconf 88' lang='lat' dir='ltr'><em>iam</em></span> <span class='ocrx_word' id='word_1_277' title='bbox 2046 3770 2158 3834; x_wconf 89' lang='lat' dir='ltr'><em>die.</em></span> <span class='ocrx_word' id='word_1_278' title='bbox 2259 3768 2411 3833; x_wconf 77' lang='lat' dir='ltr'><em>hist.</em></span> <span class='ocrx_word' id='word_1_279' title='bbox 2465 3767 2495 3831; x_wconf 96' lang='lat' dir='ltr'>I</span> <span class='ocrx_word' id='word_1_280' title='bbox 2510 3817 2527 3850; x_wconf 98' lang='lat'>,</span> <span class='ocrx_word' id='word_1_281' title='bbox 2576 3768 2662 3832; x_wconf 91' lang='lat'><em>80</em></span> <span class='ocrx_word' id='word_1_282' title='bbox 2725 3770 3059 3851; x_wconf 86' lang='lat' dir='ltr'><em>incipiente</em></span> 
     </span>
     <span class='ocr_line' id='line_1_30' title="bbox 599 3873 3055 3959; baseline 0.001 -19"><span class='ocrx_word' id='word_1_283' title='bbox 599 3880 784 3941; x_wconf 89' lang='lat' dir='ltr'><em>nocte.</em></span> <span class='ocrx_word' id='word_1_284' title='bbox 848 3873 939 3959; x_wconf 91' lang='lat' dir='ltr'><em>II,</em></span> <span class='ocrx_word' id='word_1_285' title='bbox 967 3875 1052 3941; x_wconf 87' lang='lat'><em>49</em></span> <span class='ocrx_word' id='word_1_286' title='bbox 1100 3881 1536 3958; x_wconf 82' lang='lat' dir='ltr'><em>vesperascente</em></span> <span class='ocrx_word' id='word_1_287' title='bbox 1571 3876 1685 3940; x_wconf 90' lang='lat' dir='ltr'><em>die.</em></span> <span class='ocrx_word' id='word_1_288' title='bbox 1762 3874 1852 3958; x_wconf 92' lang='lat' dir='ltr'><em>II,</em></span> <span class='ocrx_word' id='word_1_289' title='bbox 1881 3876 1966 3940; x_wconf 84' lang='lat'><em>39</em></span> <span class='ocrx_word' id='word_1_290' title='bbox 2002 3876 2389 3957; x_wconf 85' lang='lat' dir='ltr'><em>principium</em></span> <span class='ocrx_word' id='word_1_291' title='bbox 2434 3875 2674 3940; x_wconf 89' lang='lat' dir='ltr'><em>interno</em></span> <span class='ocrx_word' id='word_1_292' title='bbox 2718 3877 2912 3941; x_wconf 86' lang='lat' dir='ltr'><em>simul</em></span> <span class='ocrx_word' id='word_1_293' title='bbox 2957 3899 3055 3942; x_wconf 76' lang='lat' dir='ltr'><em>ex-</em></span> 
     </span>
     <span class='ocr_line' id='line_1_31' title="bbox 599 3981 3055 4067; baseline 0 -21"><span class='ocrx_word' id='word_1_294' title='bbox 599 3987 884 4064; x_wconf 79' lang='lat' dir='ltr'><em>ternoque</em></span> <span class='ocrx_word' id='word_1_295' title='bbox 938 3982 1086 4048; x_wconf 90' lang='lat' dir='ltr'><em>bello</em></span> <span class='ocrx_word' id='word_1_296' title='bbox 1131 3982 1507 4065; x_wconf 80' lang='lat' dir='ltr'><em>parantibus</em></span> <span class='ocrx_word' id='word_1_297' title='bbox 1557 3982 1731 4063; x_wconf 86' lang='lat' dir='ltr'><em>fatis.</em></span> <span class='ocrx_word' id='word_1_298' title='bbox 1831 3981 1958 4066; x_wconf 94' lang='lat' dir='ltr'>III,</span> <span class='ocrx_word' id='word_1_299' title='bbox 2009 3983 2088 4046; x_wconf 89' lang='grc'><em>19</em></span> <span class='ocrx_word' id='word_1_300' title='bbox 2148 3982 2541 4047; x_wconf 87' lang='lat' dir='ltr'><em>inumbrante</em></span> <span class='ocrx_word' id='word_1_301' title='bbox 2593 4004 2849 4064; x_wconf 79' lang='lat' dir='ltr'><em>vespero,</em></span> <span class='ocrx_word' id='word_1_302' title='bbox 2936 3983 3055 4067; x_wconf 93' lang='lat' dir='ltr'>III,</span> 
     </span>
     <span class='ocr_line' id='line_1_32' title="bbox 602 4075 3054 4171; baseline 0 -18"><span class='ocrx_word' id='word_1_303' title='bbox 602 4089 688 4153; x_wconf 87' lang='lat'><em>34</em></span> <span class='ocrx_word' id='word_1_304' title='bbox 743 4090 990 4154; x_wconf 88' lang='lat' dir='ltr'><em>condita</em></span> <span class='ocrx_word' id='word_1_305' title='bbox 1033 4075 1167 4154; x_wconf 83' lang='lat' dir='ltr'><em>erat</em></span> <span class='ocrx_word' id='word_1_306' title='bbox 1215 4090 1309 4154; x_wconf 84' lang='lat' dir='ltr'><em>Ti.</em></span> <span class='ocrx_word' id='word_1_307' title='bbox 1355 4089 1718 4171; x_wconf 84' lang='lat' dir='ltr'><em>Sempronio</em></span> <span class='ocrx_word' id='word_1_308' title='bbox 1763 4089 1836 4155; x_wconf 87' lang='lat' dir='ltr'><em>P.</em></span> <span class='ocrx_word' id='word_1_309' title='bbox 1883 4087 2165 4154; x_wconf 79' lang='lat' dir='ltr'><em>Cornelio</em></span> <span class='ocrx_word' id='word_1_310' title='bbox 2218 4088 2567 4154; x_wconf 89' lang='lat' dir='ltr'><em>consulibus</em></span> <span class='ocrx_word' id='word_1_311' title='bbox 2619 4090 2941 4171; x_wconf 56' lang='lat' dir='ltr'><em>ingruente</em></span> <span class='ocrx_word' id='word_1_312' title='bbox 2984 4092 3054 4154; x_wconf 93' lang='lat' dir='ltr'><em>in</em></span> 
     </span>
     <span class='ocr_line' id='line_1_33' title="bbox 600 4194 3054 4279; baseline 0 -20"><span class='ocrx_word' id='word_1_313' title='bbox 600 4196 865 4259; x_wconf 87' lang='lat' dir='ltr'><em>Italiam</em></span> <span class='ocrx_word' id='word_1_314' title='bbox 909 4196 1238 4262; x_wconf 86' lang='lat' dir='ltr'><em>Annibale.</em></span> <span class='ocrx_word' id='word_1_315' title='bbox 1312 4195 1437 4279; x_wconf 96' lang='lat' dir='ltr'>III,</span> <span class='ocrx_word' id='word_1_316' title='bbox 1485 4196 1572 4261; x_wconf 84' lang='lat'><em>35</em></span> <span class='ocrx_word' id='word_1_317' title='bbox 1615 4201 1900 4260; x_wconf 86' lang='lat' dir='ltr'><em>manente</em></span> <span class='ocrx_word' id='word_1_318' title='bbox 1945 4196 2146 4261; x_wconf 88' lang='lat' dir='ltr'><em>adhuc</em></span> <span class='ocrx_word' id='word_1_319' title='bbox 2189 4195 2359 4260; x_wconf 85' lang='lat' dir='ltr'><em>civili</em></span> <span class='ocrx_word' id='word_1_320' title='bbox 2403 4195 2569 4260; x_wconf 90' lang='lat' dir='ltr'><em>bello.</em></span> <span class='ocrx_word' id='word_1_321' title='bbox 2644 4194 2770 4278; x_wconf 92' lang='lat' dir='ltr'>III,</span> <span class='ocrx_word' id='word_1_322' title='bbox 2821 4196 2903 4259; x_wconf 83' lang='lat'><em>79</em></span> <span class='ocrx_word' id='word_1_323' title='bbox 2940 4218 3054 4279; x_wconf 85' lang='lat' dir='ltr'><em>po-</em></span> 
     </span>
     <span class='ocr_line' id='line_1_34' title="bbox 602 4300 3053 4385; baseline 0.001 -21"><span class='ocrx_word' id='word_1_324' title='bbox 602 4302 782 4365; x_wconf 89' lang='lat' dir='ltr'><em>tiente</em></span> <span class='ocrx_word' id='word_1_325' title='bbox 816 4323 1024 4366; x_wconf 90' lang='lat' dir='ltr'><em>rerum</em></span> <span class='ocrx_word' id='word_1_326' title='bbox 1049 4308 1248 4383; x_wconf 85' lang='lat' dir='ltr'><em>patre.</em></span> <span class='ocrx_word' id='word_1_327' title='bbox 1325 4300 1399 4384; x_wconf 76' lang='lat' dir='ltr'><em>V,</em></span> <span class='ocrx_word' id='word_1_328' title='bbox 1433 4304 1474 4365; x_wconf 90' lang='grc'>2</span> <span class='ocrx_word' id='word_1_329' title='bbox 1518 4308 1810 4385; x_wconf 74' lang='lat' dir='ltr'><em>reynante</em></span> <span class='ocrx_word' id='word_1_330' title='bbox 1843 4302 2028 4367; x_wconf 89' lang='lat' dir='ltr'><em>Iside.</em></span> <span class='ocrx_word' id='word_1_331' title='bbox 2101 4302 2251 4367; x_wconf 81' lang='lat' dir='ltr'><em>dial.</em></span> <span class='ocrx_word' id='word_1_332' title='bbox 2290 4303 2365 4366; x_wconf 91' lang='lat'><em>11</em></span> <span class='ocrx_word' id='word_1_333' title='bbox 2416 4303 2754 4384; x_wconf 88' lang='lat' dir='ltr'><em>imperante</em></span> <span class='ocrx_word' id='word_1_334' title='bbox 2789 4302 3053 4366; x_wconf 89' lang='lat' dir='ltr'><em>Nerone.</em></span> 
     </span>
    </p>
   </div>
   <div class='ocr_carea' id='block_1_9' title="bbox 919 4469 1673 4540">
    <p class='ocr_par' dir='ltr' id='par_1_9' title="bbox 919 4469 1673 4540">
     <span class='ocr_line' id='line_1_35' title="bbox 919 4469 1673 4540; baseline 0.001 -14"><span class='ocrx_word' id='word_1_335' title='bbox 919 4470 1018 4526; x_wconf 62' lang='lat'><em>11.</em></span> <span class='ocrx_word' id='word_1_336' title='bbox 1051 4470 1259 4540; x_wconf 83' lang='lat' dir='ltr'><em>Apud</em></span> <span class='ocrx_word' id='word_1_337' title='bbox 1302 4469 1673 4527; x_wconf 75' lang='lat' dir='ltr'><em>Velleiumt</em></span> 
     </span>
    </p>
   </div>
   <div class='ocr_carea' id='block_1_10' title="bbox 603 4583 3053 4775">
    <p class='ocr_par' dir='ltr' id='par_1_10' title="bbox 603 4583 3053 4775">
     <span class='ocr_line' id='line_1_36' title="bbox 779 4583 3053 4670; baseline 0 -23"><span class='ocrx_word' id='word_1_338' title='bbox 779 4583 844 4647; x_wconf 90' lang='grc' dir='ltr'><em>ΙΙ</em></span> <span class='ocrx_word' id='word_1_339' title='bbox 858 4634 874 4662; x_wconf 90' lang='grc'><strong><em>,</em></strong></span> <span class='ocrx_word' id='word_1_340' title='bbox 931 4585 1016 4649; x_wconf 89' lang='grc'><em>66</em></span> <span class='ocrx_word' id='word_1_341' title='bbox 1076 4584 1320 4665; x_wconf 85' lang='lat' dir='ltr'><em>furente</em></span> <span class='ocrx_word' id='word_1_342' title='bbox 1372 4587 1586 4651; x_wconf 88' lang='lat' dir='ltr'><em>deinde</em></span> <span class='ocrx_word' id='word_1_343' title='bbox 1637 4587 1918 4651; x_wconf 85' lang='lat' dir='ltr'><em>Antonio</em></span> <span class='ocrx_word' id='word_1_344' title='bbox 1980 4588 2281 4670; x_wconf 78' lang='lat' dir='ltr'><em>simulque</em></span> <span class='ocrx_word' id='word_1_345' title='bbox 2334 4587 2565 4669; x_wconf 84' lang='lat' dir='ltr'><em>Lepido</em></span> <span class='ocrx_word' id='word_1_346' title='bbox 2628 4587 3053 4651; x_wconf 83' lang='lat' dir='ltr'><em>instauratum</em></span> 
     </span>
     <span class='ocr_line' id='line_1_37' title="bbox 603 4688 1863 4775; baseline 0.002 -22"><span class='ocrx_word' id='word_1_347' title='bbox 603 4688 858 4754; x_wconf 83' lang='lat' dir='ltr'><em>Sullani</em></span> <span class='ocrx_word' id='word_1_348' title='bbox 901 4691 1162 4772; x_wconf 74' lang='lat' dir='ltr'><em>exempli</em></span> <span class='ocrx_word' id='word_1_349' title='bbox 1207 4692 1443 4755; x_wconf 87' lang='lat' dir='ltr'><em>malum</em></span> <span class='ocrx_word' id='word_1_350' title='bbox 1478 4694 1863 4775; x_wconf 86' lang='lat' dir='ltr'><em>proscriptio.</em></span> 
     </span>
    </p>
   </div>
  </div>
 </body>
</html>
