3303 5235
614 269 700 336 82
1682 267 1865 340 Caput
1900 266 1992 324 IV.

615 415 797 500 sunt:
853 435 1231 500 lubricum
1287 434 1653 498 itinerum
1707 470 1781 480 —-
1834 432 2245 496 obscurum
2299 431 2582 515 noctis,
2637 431 2786 496 hist.
2832 430 2893 509 Ι,
2952 429 3072 512 79;

612 541 696 626 II,
735 543 794 607 4.
878 563 1166 606 seorsum
1203 538 1582 606 tractandus
1629 543 1731 604 est
1776 539 1952 604 locus
1962 589 1981 623 ,
2026 538 2138 623 qui
2182 537 2511 606 invenitur
2556 537 2703 614 Tac.
2741 558 2890 602 ann.
2922 535 3076 619 XV,

616 649 698 713 21.
757 654 827 714 at
875 670 1042 714 nime
1095 649 1350 713 colimus
1403 652 1681 712 externos
1734 650 1793 710 et
1842 646 2179 711 adulamur
2230 651 2287 709 et
2337 646 2631 727 quomodo
2684 645 2770 709 ad
2828 644 3074 708 nudum

614 756 882 820 alicuius
937 759 1145 838 yrates
1205 756 1299 818 ita
1365 755 1714 836 promptius
1786 753 2091 818 accusatio
2152 753 2511 818 decernitur.
2590 752 2952 816 decernatur
3012 755 3081 813 et

614 867 868 927 maneat
909 861 1394 944 provincialibus
1437 862 1783 943 potentiam
1840 879 2023 924 suam
2082 859 2199 923 tali
2254 860 2433 923 modo
2490 859 2850 922 ostentandi.
2932 879 3075 922 non

587 969 783 1044 ,enim
867 969 1076 1052 primo
1155 967 1463 1050 adspectu
1541 965 1877 1050 intelleges
1948 965 2306 1030 subiectum
2378 965 2554 1030 verbi
2620 968 2931 1029 maneat
2991 986 3073 1027 ex

617 1073 1091 1160 (accusatio)
1141 1075 1603 1139 decernatur
1649 1070 2111 1138 assumendum
2156 1094 2314 1138 esse.

794 1181 934 1246 Iam
984 1180 1562 1246 considerabuntur
1609 1179 1927 1264 exempla,
1973 1180 2041 1243 in
2090 1179 2321 1264 quibus

616 1371 736 1430 11.'
782 1373 1107 1432 Genetivus
1145 1373 1428 1441 gerundli
1463 1374 1526 1429 et
1562 1371 1883 1440 gerundivi
1921 1386 2101 1428 sensu
2148 1371 2320 1426 finali
2357 1371 2593 1441 positus
2631 1385 2762 1428 esse
2800 1371 3071 1428 videtur.

797 1500 891 1566 Ut
927 1502 1090 1566 bene
1129 1501 1565 1586 intellegatur,
1603 1500 1928 1585 quomodo
1966 1500 2192 1584 lingua
2230 1521 2269 1563 a
2300 1499 2800 1585 simplicioribus
2837 1499 3075 1564 formis

621 1608 700 1672 ad
749 1607 1122 1672 audaciores
1169 1607 1482 1692 paulatim
1527 1605 1865 1672 transierit
1911 1605 2333 1671 secernendae
2378 1606 2500 1671 hae
2546 1611 2697 1670 sunt
2744 1607 3020 1705 species:

912 1838 990 1903 A.
1062 1835 1408 1904 Genetivus
1453 1837 1552 1903 ita
1597 1855 1738 1904 eum
1782 1835 2029 1902 nomine
2074 1853 2189 1901 suo
2228 1836 2603 1902 coniunctus
2649 1837 2765 1922 est,

619 1983 694 2043 ut
739 1979 806 2042 in
861 2001 1057 2043 unam
1119 2001 1264 2044 cum
1318 1980 1432 2066 illo
1489 1981 1821 2045 notionem
1878 1979 2231 2064 coalescat,
2287 2001 2677 2064 quamquam
2731 1979 2900 2043 nihil
2958 1980 3079 2044 im·
3126 1971 3132 1978 ’

619 2085 826 2170 pedit,
889 2087 1235 2170 quominus
1299 2087 1600 2170 genetivo
1665 2087 2165 2170 praedicativam
2231 2087 2363 2150 vim
2424 2086 2786 2151 tribuamus
2860 2089 2930 2150 et
2998 2087 3076 2150 ad

621 2192 887 2256 verbum
934 2195 1152 2276 potius
1199 2192 1568 2258 referamus.
1642 2194 1818 2257 velut
1863 2191 2014 2257 Sall.
2059 2192 2209 2257 hist.
2255 2191 2315 2270 I,
2360 2192 2476 2270 48,
2522 2191 2563 2256 3
2618 2193 2717 2258 M.
2760 2193 3077 2257 Aemilius

621 2301 899 2363 omnium
941 2301 1390 2382 flaqitiosorum
1423 2303 1770 2382 postremus
1812 2301 1920 2381 qui
1951 2300 2130 2382 peior
2173 2318 2261 2363 an
2304 2299 2588 2380 iynavior
2620 2300 2705 2363 sit
2748 2300 3076 2364 deliberari

619 2425 746 2469 non
779 2411 979 2488 potest
1020 2409 1348 2471 excercitum
1393 2407 1825 2490 opprimendae
1870 2406 2166 2470 libertatis
2218 2404 2411 2468 habet.
2494 2405 2669 2468 aliud
2718 2409 2819 2470 est
2866 2428 3067 2470 exem-

621 2512 820 2595 pLum,
868 2513 1036 2596 quod
1083 2513 1546 2578 Hoffmannum
1592 2511 1781 2597 fugit,
1828 2533 2215 2596 quamquam
2260 2510 2329 2574 in
2367 2510 2587 2578 eadem
2627 2512 2926 2577 oratione
2976 2509 3067 2597 (6)

624 2622 860 2683 exstat:
907 2640 1045 2683 cum
1077 2622 1337 2701 privata
1381 2641 1565 2684 arma
1610 2621 2055 2701 opprimimdae
2101 2617 2399 2683 libertatis
2444 2620 2690 2701 cepisset
2735 2616 3065 2704 (Lepidus)

623 2724 743 2787 sibi
786 2726 1038 2806 quisque
1083 2746 1220 2807 opes
1273 2731 1386 2790 aut
1416 2727 1777 2807 patrocinia
1821 2726 2160 2807 quaerendo
2219 2726 2543 2790 consilium
2578 2726 2736 2807 publ
2740 2726 2887 2789 icum
2931 2745 3057 2788 cor-

623 2835 938 2911 ruperunt.
1022 2830 1168 2895 Tac.
1217 2853 1365 2897 ann.
1410 2830 1538 2895 XII
1546 2882 1564 2914 ,
1609 2832 1697 2897 24
1750 2854 1794 2897 a
1833 2832 1972 2913 foro
2027 2832 2237 2897 boario
2283 2879 2299 2895 .
2338 2882 2351 2896 .
2392 2882 2405 2897 .
2449 2833 2654 2897 sulcus
2707 2832 3071 2913 designandi

626 2937 838 3017 oppidi
881 2941 1133 3019 coeptus.
1207 2936 1396 3023 plura
1442 2939 1738 3023 exempla
1782 2938 1920 3023 ipse
1965 2938 2152 3005 facile
2196 2938 2489 3005 invenias
2534 2941 2575 3019 ἓ
2627 2941 2727 3004 11.

996 3167 1068 3234 Β.
1151 3166 1228 3235 111
1270 3166 1573 3251 genetivo
1619 3166 1966 3251 gerundivi
2010 3184 2203 3235 sensu
2246 3167 2689 3250 praedicativo

626 3310 919 3392 praedito
967 3310 1332 3375 continetur
1370 3308 1711 3393 explicatio
1760 3310 1840 3374 ad
1880 3310 2239 3375 subiectum
2286 3314 2587 3393 spectans
2626 3310 2937 3375 adiuncta
2972 3333 3065 3375 co-

625 3415 780 3499 pula
827 3438 862 3480 e
875 3437 1013 3481 sse.

805 3520 1016 3585 Huius
1063 3542 1216 3585 usus
1262 3543 1468 3604 pauca
1502 3523 1953 3589 tantummodo
1992 3526 2342 3608 suppetunt
2376 3525 2688 3609 exempla.
2748 3524 2901 3589 Tac.
2930 3544 3067 3588 ann.

625 3626 678 3711 I,
725 3628 766 3691 3
813 3628 1063 3692 olendae
1106 3628 1306 3710 maqis
1347 3627 1655 3709 infamiae
1698 3630 1770 3693 ob
1815 3631 2116 3695 amissum
2160 3650 2299 3693 cum
2344 3630 2647 3710 Quintilio
2698 3630 2863 3696 Varo
2909 3650 3067 3695 exer-

626 3735 816 3797 citum
841 3754 1032 3815 quam
1057 3734 1340 3816 cupidine
1363 3735 1723 3817 proferendi
1757 3737 2020 3819 imperii.
2074 3734 2187 3820 XI,
2216 3736 2257 3799 3
2294 3737 2437 3800 dein
2460 3738 2779 3819 percursis
2803 3736 3073 3802 Asiatici

625 3840 698 3902 in
761 3859 894 3903 rem
943 3839 1261 3921 publicam
1325 3840 1548 3921 officiis
1609 3844 1945 3925 recentique
2008 3844 2299 3907 adversus
2364 3842 2780 3909 Britanniam
2840 3845 3071 3909 militia

625 3966 896 4028 quaeque
938 3947 1072 4011 alia
1115 3947 1536 4011 conciliandae
1577 3949 2031 4014 misericordiae
2056 3948 2455 4014 videbantur.
2540 3947 2692 4014 Sall.
2740 3947 2879 4014 Cat.
2928 3951 2989 4033 6,
3032 3950 3065 4012 7

623 4036 860 4130 requam
903 4054 1234 4135 {merium
1279 4054 1443 4135 quod
1482 4055 1666 4119 inuio
1712 4057 2160 4121 emmam
2206 4056 2504 4120 ubertatis
2538 4060 2718 4138 atque
2760 4058 3071 4140 mayenne

625 4159 992 4241 reipublicae
1038 4159 1264 4240 fuerat.
1346 4160 1406 4223 b.
1454 4160 1634 4225 Alex.
1684 4162 1795 4244 65,
1849 4163 1881 4226 1
1940 4163 2104 4245 quod
2154 4212 2169 4227 .
2208 4214 2222 4227 .
2262 4213 2275 4226 .
2330 4163 2528 4227 multa
2586 4168 2802 4228 contra
2845 4184 3069 4229 morem

627 4266 1231 4346 consuetudinemque
1300 4267 1636 4331 militarem
1706 4268 1923 4348 fierent
1992 4289 2147 4350 quae
2218 4269 2634 4333 dissolvendae
2712 4268 3069 4351 disciplinae

625 4372 1075 4452 severitatisque
1115 4376 1323 4437 essent.
1409 4394 1570 4455 quae
1627 4378 1987 4457 sequuntur
2040 4375 2335 4458 exempla
2386 4374 2557 4457 apud
2606 4372 3065 4441 Hoffmannum

629 4475 887 4540 desunt:
954 4474 1106 4540 Sall.
1150 4475 1288 4562 Iug.
1337 4478 1450 4561 88,
1497 4478 1540 4541 4
1585 4499 1743 4560 quae
1773 4484 2106 4561 postquam
2153 4481 2440 4563 yloriosa.
2480 4481 2657 4545 modo
2698 4502 2894 4563 neque
2936 4480 3068 4545 belli

617 4583 921 4663 patrandi
966 4588 1323 4663 coynoverat
1363 4586 1598 4649 statuit.
1661 4585 1814 4651 hist.
1859 4586 1911 4670 I,
1956 4586 2062 4670 41,
2110 4587 2149 4650 8
2195 4586 2301 4652 ille
2343 4608 2409 4651 eo
2444 4589 2756 4673 processit,
2800 4593 2875 4654 ut
2914 4587 3067 4653 nihil
