3303 5235
591 357 677 424 56
1651 357 1833 428 caput
1870 358 1963 411 III.

593 543 864 606 eumque
902 521 1012 585 alii
1049 521 1399 605 scriptores
1436 521 1623 606 hanc,
1660 521 1841 586 illam
1880 521 1991 585 alii
2026 523 2415 586 structuram
2454 520 2841 604 praeferant,
2878 519 3097 582 mul-

593 631 732 692 tum
779 649 934 692 sane
970 628 1243 692 interest
1281 627 1469 711 scire,
1515 630 1732 692 utram
1772 626 2143 711 Sallustius,
2188 626 2509 711 VelleiuS,
2548 626 2809 691 Tacitus
2856 647 3091 709 prae-

593 734 891 819 tulerint,
941 734 1005 799 h.
1052 755 1103 799 e.
1150 756 1342 818 quam
1389 755 1580 817 saepe
1629 734 2045 798 substantivo
2089 733 2571 798 substantivum
2616 754 2760 796 eum
2807 752 3093 816 gerun-

595 841 745 906 divo
785 841 1163 906 addiderint.
1237 840 1532 924 exempla
1567 844 1762 924 prout
1808 839 2143 925 genetivus
2182 842 2297 903 aut
2332 862 2409 904 ex
2458 838 2883 903 substantivis
2934 842 3095 902 aut

597 947 930 1012 adieetivis
977 952 1090 1012 aut
1134 947 1348 1012 verbis
1395 947 1635 1031 pendet
1679 946 2099 1030 proponenda
2146 949 2314 1010 sunt.

1093 1140 1147 1196 1.
1186 1141 1281 1226 De·
1311 1139 1621 1212 genetivo,
1660 1139 1765 1207 qui
1802 1138 2023 1208 pendet
2058 1153 2095 1194 a
2132 1137 2548 1208 substantivis.

775 1268 942 1333 Vell.
999 1268 1092 1346 II,
1139 1269 1256 1349 87,
1303 1268 1344 1331 2
1408 1268 1733 1350 diqnitatis
1790 1315 1804 1332 .
1841 1317 1855 1332 .
1895 1315 1909 1331 .
1948 1317 1962 1331 .
2016 1266 2350 1330 servandae
2402 1257 2602 1348 fidem.
2693 1265 2841 1332 Tae.
2901 1288 3076 1329 ann.
3184 1253 3193 1268 ’

596 1375 740 1458 XV,
786 1376 876 1440 40
937 1375 1256 1440 videbatur
1301 1375 1468 1440 Nero
1523 1376 1865 1440 condendae
1918 1373 2089 1438 urbis
2142 1393 2334 1436 novae
2387 1377 2447 1436 et
2498 1340 2886 1455 coquomersto
2941 1394 3075 1438 suo

597 1480 1002 1563 appellandae
1040 1481 1308 1563 qloriam
1352 1501 1655 1563 quaerere.
1737 1480 1887 1544 hist.
1933 1478 2014 1563 V,
2060 1479 2101 1543 6
2148 1483 2303 1543 certo
2348 1481 2506 1544 anni
2550 1479 2823 1544 bitumen
2869 1480 3075 1561 eye-rit

596 1589 772 1653 cuius
818 1589 1050 1672 leyendi
1092 1609 1276 1653 usum
1318 1593 1390 1652 ut
1432 1591 1657 1653 ceteras
1701 1591 1865 1651 artes
1910 1587 2281 1668 experientia
2326 1587 2543 1650 docuit.
2618 1607 2765 1649 ann.
2802 1584 2922 1667 IV,
2965 1586 3061 1649 74

597 1695 831 1760 visendi
873 1698 976 1761 sui
1030 1696 1270 1778 copiam
1320 1695 1606 1776 facerent.
1702 1692 1822 1774 XI,
1867 1693 1955 1756 34
2008 1693 2285 1757 diluendi
2338 1693 2621 1756 criminis
2670 1691 3061 1772 facultatem.

599 1800 753 1886 XII,
791 1803 879 1866 34
922 1802 1354 1885 reciperandae
1391 1800 1688 1865 libertatis
1722 1803 1837 1864 aut
1869 1798 2177 1864 servitutis
2213 1801 2495 1862 aeternae
2533 1797 2800 1862 initium.
2868 1796 3059 1881 XIII,

598 1909 685 1972 49
723 1910 1039 1973 materiem
1066 1906 1559 1973 obtrectatoribus
1593 1907 1942 1989 arquendae
1976 1905 2295 1970 sententia.
2348 1901 2527 1987 XIV,
2556 1902 2643 1968 50
2677 1924 2837 1986 quae
2862 1925 3060 1970 causa

601 2015 842 2080 Neroni
881 2015 1010 2095 fuit
1050 2015 1422 2097 suscipiendi
1466 2014 1701 2078 iudicii.
1776 2011 1953 2094 XIV,
1992 2012 2075 2076 63
2123 2012 2193 2075 in
2235 2031 2403 2093 spem
2448 2011 2773 2076 sociandae
2818 2011 3059 2076 classis.

601 2119 742 2204 XV,
789 2120 870 2185 51
930 2121 1284 2185 occidendae
1327 2121 1549 2185 matris
1594 2119 1865 2184 Neronis
1920 2119 2080 2183 inter
2134 2117 2467 2182 ministros.
2557 2115 2744 2200 XVI,
2796 2118 2881 2180 10
2936 2119 3056 2182 ini-

603 2227 759 2292 tium
805 2226 1156 2309 deteyendae
1198 2228 1504 2291 saevitiae.
1576 2224 1722 2310 XV,
1760 2226 1799 2289 9
1848 2225 2069 2290 omisso
2106 2229 2342 2306 paratu
2386 2224 2765 2288 invadendae
2810 2223 3056 2289 Suriae.

601 2334 754 2398 hist.
799 2332 892 2417 II,
937 2334 1020 2398 27
1086 2334 1470 2417 reciperandi
1529 2333 1759 2398 decoris
1822 2333 2121 2415 cupidine.
2210 2329 2305 2410 ΙΙ,
2353 2330 2435 2394 79
2502 2331 2754 2395 initium
2812 2332 3061 2413 ferendi

602 2442 689 2506 ad
731 2440 1175 2523 Vespasianum
1214 2441 1473 2524 imperii.
1547 2438 1646 2504 III
1656 2491 1673 2524 ,
1708 2440 1787 2503 16
1826 2439 2119 2504 aviditate
2154 2438 2479 2502 navandae
2516 2457 2747 2519 operae.
2820 2437 2940 2522 III,
2972 2439 3058 2502 70

603 2547 936 2631 imaqinem
981 2549 1316 2630 deponendi
1360 2547 1607 2629 imperii
1646 2545 1857 2628 fuisse.
1931 2542 2043 2629 IV,
2086 2547 2118 2607 1
2178 2544 2431 2608 initium
2476 2544 2546 2609 id
2574 2543 3055 2629 perfrinqenda-

603 2675 747 2719 rum
781 2656 1090 2720 domuum.
1154 2654 1270 2739 IV,
1305 2655 1389 2718 49
1437 2655 1737 2718 mandata
1772 2652 2179 2735 interficiendi
2214 2650 2482 2715 Pisonis.
2553 2649 2667 2734 IV,
2706 2652 2791 2715 53
2833 2670 3052 2715 euram

605 2761 963 2825 restituendi
1027 2757 1321 2843 Capitolii
1389 2760 1460 2823 in
1533 2760 1609 2823 L.
1687 2759 2003 2824 Vestinum
2065 2756 2313 2838 confert.
2413 2756 2491 2840 V,
2537 2758 2622 2821 23
2699 2777 2884 2823 causa
2950 2757 3045 2820 in-

604 2867 929 2932 struendae
973 2866 1204 2931 classiS.
1286 2864 1451 2930 Vell.
1495 2864 1590 2950 ΙΙ,
1638 2865 1720 2929 21
1780 2884 1883 2946 spe
1928 2862 2331 2929 continuandi
2375 2865 2743 2930 consulatus
2829 2864 2920 2947 ΙΙ,
2966 2862 3055 2928 35

605 2972 845 3038 sceleris
890 2973 1154 3037 conandi
1188 2973 1459 3038 consilio.
1533 2972 1627 3056 II,
1666 2973 1752 3036 42
1797 2976 1869 3036 ut
1912 2975 2126 3035 auctor
2158 2971 2333 3052 fleret
2372 2972 2655 3036 sumendi
2690 2972 2763 3034 de
2798 2971 3059 3052 captivis

605 3080 912 3163 supplicii.
984 3077 1076 3162 ΙΙ,
1126 3079 1206 3143 78
1256 3078 1616 3160 qravissimi
1660 3078 2177 3161 comparandique
2220 3078 2493 3159 antiquis
2539 3078 2800 3159 exempli
2844 3082 3060 3141 auctor

602 3190 744 3272 fuit.
818 3187 910 3271 ΙΙ,
950 3188 1033 3253 88
1081 3186 1488 3268 interficiendi
1525 3235 1538 3249 .
1569 3236 1582 3249 .
1613 3236 1626 3250 .
1657 3236 1672 3251 .
1712 3183 1999 3251 Caesaris
2034 3184 2294 3249 consilia
2338 3184 2582 3248 inierat.
2654 3183 2745 3267 II,
2784 3183 2867 3247 91
2918 3204 3060 3249 eum

607 3296 892 3361 iniissent
933 3292 1242 3359 occidendi
1287 3290 1570 3358 Caesaris
1614 3292 1889 3357 consilia.
1964 3289 2114 3355 Sall.
2153 3288 2293 3355 Cat.
2331 3290 2399 3375 5,
2438 3291 2478 3355 6
2528 3290 2731 3355 lubido
2776 3290 3059 3353 maaeima

608 3452 624 3469 .
663 3450 678 3465 .
713 3452 729 3467 .
769 3451 783 3465 .
829 3401 919 3465 rei
953 3399 1240 3482 publicae
1281 3399 1639 3481 capiundae.
1732 3398 1829 3483 15,
1865 3398 1907 3462 3
1954 3418 2144 3464 causa
2182 3447 2195 3462 .
2235 3447 2249 3461 .
2288 3446 2302 3460 .
2340 3445 2356 3461 .
2410 3396 2709 3475 facinoris
2753 3397 3059 3460 mutandi.

615 3508 722 3592 16,
769 3508 812 3571 4
857 3507 1291 3591 opprimendae
1333 3506 1428 3569 rei
1459 3505 1745 3587 publicae
1788 3506 2113 3571 consilium
2158 3504 2327 3587 cepit.
2401 3503 2513 3587 35,
2560 3504 2603 3566 4
2658 3502 2768 3567 hoc
2810 3504 3061 3567 nomine

609 3614 764 3679 satis
822 3614 1105 3680 honestus
1155 3634 1278 3697 pro
1338 3633 1468 3677 meo
1523 3632 1670 3677 casu
1721 3632 1856 3693 spes
1910 3612 2182 3693 reliquae
2240 3595 2587 3692 dignitatis*
2613 3612 3061 3675 conservandae

609 3740 748 3793 sum
783 3724 1148 3786 consecutus.
1230 3719 1370 3804 Iug.
1407 3720 1492 3783 29
1502 3769 1520 3803 ‚
1558 3719 1598 3783 3
1645 3719 1715 3782 in
1761 3718 2106 3782 maximam
2152 3737 2319 3798 spem
2354 3718 2653 3782 adductus
2696 3737 3059 3799 recuperan-

610 3829 725 3893 dae
757 3827 953 3910 pacis,
1027 3828 1140 3911 37,
1188 3826 1228 3890 3
1283 3846 1357 3890 ea
1389 3845 1578 3888 mora
1623 3825 1695 3887 in
1739 3842 1905 3904 spem
1950 3824 2247 3887 adductus
2292 3822 2497 3888 Aulus
2544 3874 2557 3887 .
2598 3874 2613 3889 .
2651 3874 2665 3888 .
2707 3874 2721 3888 .
2767 3828 2880 3887 aut
2923 3844 3059 3887 eon-

609 3934 870 4018 fiieiundi
913 3933 1053 3999 belli
1088 3936 1201 3997 aut
1246 3937 1441 3996 terrae
1485 3930 1781 3994 exereitus
1824 3928 1901 3993 ab
1937 3950 2072 4011 reqe
2110 3929 2405 4009 pecuniae
2450 3932 2807 4012 capiundae.
2878 3928 2979 4013 75,
3019 3932 3060 3993 2

611 4063 714 4125 spe
746 4040 1056 4124 patrandi
1101 4039 1256 4105 belli.
1333 4036 1446 4121 89,
1485 4038 1524 4101 6
1571 4037 1704 4101 eius
1728 4036 2023 4117 potiundi
2058 4035 2350 4100 Marium
2384 4037 2665 4100 maxima
2698 4038 2919 4119 cupido
2966 4022 3061 4100 in'-

612 4152 869 4213 vaserat.
961 4146 1112 4227 103,
1160 4146 1200 4209 3
1254 4145 1632 4227 aqendarum
1678 4162 1885 4206 rerum
1930 4146 1989 4207 et
2028 4162 2377 4223 quocunque
2428 4143 2605 4207 modo
2648 4142 2786 4207 belli
2831 4163 3063 4225 compo-

613 4254 802 4318 nendi
847 4253 1158 4318 licentiam
1191 4251 1346 4334 ipsis
1385 4250 1702 4332 permittit.
1776 4248 1927 4314 Tae.
1966 4271 2111 4312 ann.
2148 4247 2325 4332 XIV,
2363 4249 2404 4311 2
2451 4251 2671 4314 ardore
2711 4250 3064 4313 retinendae

607 4360 930 4443 potentiae.
1002 4358 1180 4441 XIV,
1226 4357 1312 4421 44
1365 4357 1701 4422 eredidisne
1754 4376 1995 4421 servum
2038 4355 2447 4436 interficiendi
2498 4356 2738 4421 domini
2780 4356 3064 4420 animum

614 4465 986 4549 sumpsisse?
1061 4464 1248 4549 XVI,
1295 4464 1380 4528 23
1437 4462 1689 4527 ambitio
1734 4462 2154 4528 conciliandae
2187 4462 2561 4544 provinciae.
2654 4460 2776 4545 XI,
2822 4462 2908 4525 23
2964 4461 3064 4525 ius

617 4572 1146 4655 adipiscendorum
1182 4572 1251 4635 in
1285 4570 1432 4635 urbe
1466 4570 1789 4634 honorum.
1859 4567 1979 4652 XI,
2018 4569 2104 4633 25
2141 4569 2243 4633 ius
2278 4568 2533 4633 exuendi
2567 4569 2821 4633 ordinis.
2884 4566 3010 4631 XII
3018 4566 3063 4649 I,

622 4679 707 4745 26
743 4679 1114 4744 revocandae
1149 4677 1448 4743 libertatis
1482 4678 1597 4743 ius.
1673 4673 1861 4759 XIII,
1896 4675 1982 4739 49
2024 4676 2121 4740 ius
2156 4675 2443 4741 dicendae
2477 4674 2820 4740 sententiae.
2887 4672 3063 4757 XIV,
