3303 5235
561 342 603 405 2
607 343 650 405 4
1636 341 1819 410 Caput
1852 339 1919 392 11.

561 527 752 588 neque
793 505 1132 570 solantibus
1175 504 1632 568 hortantibusve
1676 523 1967 585 responsa
2022 502 2269 567 dabant.
2352 499 2567 585 Agric.
2616 503 2656 566 6
2704 502 3035 583 peccanti-

563 613 690 678 bus.
759 613 840 677 10
883 611 1340 694 remiqantibus.
1411 611 1492 674 12
1540 609 1885 692 leyentibus.
1957 609 2037 674 18
2084 609 2173 672 sic
2216 608 2304 671 ad
2345 607 2565 672 bellum
2619 607 3033 671 venientibus.

564 721 644 784 31
695 719 1153 800 imperantibus,
1222 717 1310 781 34
1342 713 1879 801 penetrantibus.¹)
1947 715 2032 778 33
2075 714 2467 797 fugientibus.
2533 713 2747 778 Germ.
2836 733 3035 795 quem

567 823 810 908 (deum)
857 827 1062 890 adesse
1106 823 1472 888 bellantibus
1515 825 1781 888 credunt.
1860 821 2007 885 dial.
2060 820 2139 883 13
2196 811 2683 902 imperantibus.'
2722 821 2804 884 41
2844 820 3037 901 peri-

563 931 930 996 clitantibus.
1022 929 1187 995 Vell.
1232 928 1325 1008 ΙΙ,
1372 929 1453 992 21
1511 926 1941 1010 menantibus
2002 926 2523 1007 spectantibusque
2584 947 2773 1007 quam
2822 925 3039 1006 fuerit

565 1042 808 1101 eventus
853 1036 1186 1101 exitiabilis
1228 1035 1334 1098 vix
1377 1033 1574 1098 verbis
1607 1033 1877 1114 exprimi
1911 1037 2123 1114 potest.
2177 1030 2261 1113 ΙΙ,
2295 1033 2422 1096 114
2466 1053 2593 1097 non
2634 1032 3033 1114 sequentibus

565 1145 959 1226 disciplinam
1003 1132 1307 1223 quatenus
1349 1140 1617 1221 exemplo
1663 1159 1789 1202 non
1832 1138 2158 1203 nocebatur
2206 1139 2454 1220 iynovit.
2519 1135 2669 1202 Sall.
2697 1138 2835 1223 Iug.
2868 1137 3029 1221 102,

569 1251 609 1314 6
654 1249 986 1314 volentibus
1029 1267 1217 1330 quam
1261 1246 1481 1310 coactis
1524 1245 1895 1326 imperitare.

709 1354 714 1359 Ι
745 1373 980 1436 Rarius
1027 1370 1349 1435 invenitur
1395 1378 1668 1435 dativus
1714 1377 2073 1446 singularis
2118 1379 2404 1433 numeri.
2480 1369 2627 1434 Tac.
2668 1391 2815 1434 ann.
2841 1367 3028 1448 XIV,

569 1481 654 1545 33
709 1479 1087 1544 uberrimum
1139 1476 1448 1559 spolianti.
1521 1475 1673 1541 hist.
1720 1473 1783 1558 Ι,
1829 1475 1913 1540 58
1957 1477 2251 1556 punienti
2307 1476 2506 1540 vilior.
2578 1474 2742 1540 Vell.
2788 1474 2881 1557 ΙΙ,
2927 1475 3019 1538 41

563 1591 801 1660 secutus
858 1585 1072 1650 deinde
1135 1589 1223 1649 est
1283 1581 1636 1647 consulatus
1699 1581 1764 1647 0.
1832 1580 2137 1666 Caesaris,
2216 1583 2324 1665 qui
2393 1582 2680 1648 scribenti
2754 1601 3018 1645 manum

564 1693 755 1759 inicit.

744 1799 939 1883 Apud
986 1797 1366 1863 Sallustium
1413 1797 1709 1879 exempla
1752 1817 1887 1860 non
1934 1797 2305 1879 suppetunt.

746 1904 841 1968 Ac
907 1903 1329 1990 grammatica
1411 1902 1577 1966 ratio
1644 1905 1710 1966 et
1774 1902 2164 1986 significatio
2237 1901 2308 1965 in
2374 1905 2597 1985 aperto
2664 1904 2789 1985 est,
2858 1902 3023 1965 dati-‘

572 2034 690 2076 vus
737 2011 909 2074 enim
955 2012 1194 2094 pendet
1241 2010 1320 2073 ab
1373 2009 1705 2073 adiectivis
1755 2012 1867 2072 aut
1914 2007 2341 2072 substantivis
2395 2011 2509 2072 aut
2556 2008 2765 2072 verbis
2814 2012 2879 2072 et
2922 2006 3020 2071 in-

571 2117 772 2201 dicat,
820 2139 1012 2200 quam
1059 2116 1140 2180 ad
1184 2139 1320 2180 rem
1369 2117 1472 2182 vel
1518 2137 1864 2200 personam
1910 2138 1988 2179 ea
2023 2115 2223 2198 notin,
2271 2137 2435 2198 quae
2483 2115 2585 2179 his
2632 2116 2827 2200 inest,
2871 2138 3021 2198 per-

572 2225 793 2288 tineat.
869 2223 1058 2288 sicuti
1122 2224 1485 2306 permultos
1550 2223 1871 2288 commodi
1936 2225 2050 2286 aut
2120 2221 2510 2285 incommodi
2582 2221 2837 2309 dativos
2909 2222 3024 2306 qui

569 2334 885 2397 vocantur
929 2329 1240 2394 invenias,

749 2436 1081 2501 Recedunt
1135 2440 1351 2500 autem
1398 2437 1480 2501 ab
1535 2438 1661 2501 hoc
1708 2435 1960 2521 vulgari
2014 2457 2134 2499 usu
2182 2457 2257 2498 ea
2303 2433 2627 2517 exempla,
2671 2433 2740 2497 in
2786 2432 3019 2518 quibus

573 2544 828 2608 dativus
876 2547 942 2608 et
988 2543 1332 2628 singularis
1371 2547 1438 2607 et
1482 2542 1751 2627 pluralis
1797 2541 2049 2605 numeri
2088 2541 2411 2626 significat
2455 2539 2779 2604 iudicandi
2823 2539 3021 2604 ratio-

571 2673 746 2735 nem,
804 2671 838 2713 e
895 2672 1022 2732 qua
1075 2670 1177 2713 res
1235 2649 1450 2732 aliqua
1505 2649 1949 2712 consideratur
2015 2647 2234 2730 itaque
2289 2648 2437 2711 talis
2492 2648 2684 2712 nobis
2752 2650 3023 2730 apparet

576 2757 785 2841 qualis
834 2760 949 2819 est.

751 2862 896 2926 Huc
942 2862 1260 2926 referendi
1298 2865 1448 2925 sunt
1493 2862 1647 2926 loci:
1696 2860 1845 2925 Tac.
1883 2861 2030 2926 hist.
2068 2860 2126 2944 Ι,
2164 2862 2245 2924 27
2295 2861 2757 2943 requirentibus.
2814 2860 2899 2945 ΙΙ,
2937 2860 3025 2925 50

575 2975 848 3051 tempora
901 2969 1324 3051 reputantibus
1377 2969 1630 3034 initium
1674 2971 1975 3052 finemque
2028 2968 2319 3059 miraculi
2372 2988 2511 3031 cum
2558 2967 2815 3032 Othonis
2858 2968 3026 3032 exitu

574 3075 934 3158 competisse.
987 3073 1071 3156 ΙΙ,
1112 3075 1196 3138 70
1241 3075 1570 3156 imperium
1607 3075 1985 3157 cupientibus
2020 3074 2183 3139 nihil
2218 3075 2486 3138 medium
2521 3075 2683 3139 inter
2716 3095 3025 3139 summum

573 3188 687 3247 aut
725 3181 1114 3263 praecipitia.
1209 3179 1292 3264 ΙΙ,
1329 3181 1413 3245 98
1471 3202 1642 3245 mare
1704 3201 1935 3262 quoque
1987 3181 2314 3244 etesiarum
2374 3180 2534 3260 flatu
2586 3180 2657 3243 in
2714 3179 3025 3245 Orientem

573 3287 1009 3372 naviyasntibus
1070 3287 1426 3365 secundum,
1491 3288 1633 3351 inde
1685 3287 2009 3351 adversum
2062 3291 2210 3350 erat.
2313 3284 2439 3370 ΙΙΙ,
2487 3286 2525 3351 8
2591 3288 2754 3367 quod
2793 3308 2911 3368 per
2964 3306 3026 3349 se

565 3415 838 3479 parvum
876 3445 890 3459 .
929 3444 944 3459 .
984 3444 997 3457 .
1037 3444 1052 3458 .
1089 3394 1302 3476 mayni
1336 3379 1626 3458 momenti
1665 3394 1860 3465 locum
1897 3394 2161 3457 obtinuit
2194 3393 2619 3475 reputantibus
2655 3393 2784 3457 illic
2820 3392 3022 3458 Ca'eci-

573 3524 725 3567 nam
755 3502 1047 3584 9enitum.
1091 3499 1209 3585 ΠΙ,
1239 3501 1274 3563 7
1287 3502 1318 3563 1
1369 3506 1549 3565 erant
1580 3502 1925 3582 antiquitus
1948 3501 2229 3581 porticus
2273 3501 2343 3564 in
2380 3499 2565 3563 latere
2600 3500 2743 3563 clivi
2778 3500 3025 3564 dextrae

574 3608 980 3674 subeuntibus.
1038 3605 1150 3692 IV,
1186 3608 1260 3670 17
1301 3626 1432 3671 vere
1466 3606 1889 3688 reputantibus
1918 3606 2163 3669 Gallias
2188 3606 2441 3670 suismet
2468 3604 2704 3670 viribus
2730 3606 3021 3670 cecidisse.

577 3714 661 3799 V,
711 3716 788 3778 11
837 3715 1003 3778 mira
1047 3714 1237 3795 specie
1285 3709 1550 3798 (turres)
1607 3732 1681 3776 ac
1723 3712 1945 3794 procul
1987 3712 2361 3775 intuentibus
2392 3731 2595 3792 pares.
2676 3710 2893 3795 Agric.
2946 3711 3020 3773 11

576 3822 948 3887 aestimanti.
1011 3818 1224 3884 Germ.
1253 3820 1293 3883 6
1329 3818 1400 3883 in
1425 3819 1782 3882 universum
1808 3818 2165 3881 aestimanti
2179 3818 2329 3899 plus
2344 3837 2533 3899 penes
2556 3818 2824 3898 peditem
2859 3816 3022 3881 robo—

576 3930 685 3993 ris.
773 3926 992 4011 Agric.
1044 3926 1122 3990 18
1171 3924 1653 3991 aestimantibus.

587 4036 596 4041 “
757 4033 858 4097 Ea
902 4031 1047 4115 ipsa
1085 4053 1161 4095 ex
1198 4053 1284 4116 re,
1331 4032 1501 4115 quod
1539 4032 1607 4095 in
1657 4030 1826 4094 hanc
1862 4028 2427 4094 commentationis
2464 4031 2728 4094 nostrae
2774 4032 3023 4112 partem

581 4141 757 4204 locos
831 4139 981 4202 illos
1053 4138 1390 4202 referimus
1465 4138 1685 4203 nescio
1752 4140 1834 4202 a'n
1912 4136 2259 4202 conieceris
2334 4158 2454 4201 nos
2528 4158 2662 4200 non
2727 4136 3023 4200 assentiri

581 4244 995 4309 Boettichero
1010 4241 1062 4330 ²)
1131 4244 1426 4328 aliisque,
1492 4245 1602 4328 qui
1667 4242 1827 4307 talia
1884 4243 2176 4327 exempla
2233 4265 2349 4326 pro
2410 4242 2645 4307 dativis
2712 4241 3023 4306 absolutis

729 4475 780 4542 1)
819 4472 1100 4527 R-eicimus
1137 4487 1446 4542 pronomen
1482 4470 1681 4525 nobis
1720 4488 1754 4524 a
1782 4471 1991 4525 Kritzio
2024 4471 2299 4537 additum,
2335 4487 2465 4524 nam
2492 4488 2604 4525 non
2633 4471 2735 4538 est,
2776 4486 2872 4523 cur
2899 4486 3023 4539 pro-

583 4561 730 4615 thesi
766 4579 878 4616 non
913 4560 1194 4614 tribuatur
1232 4576 1422 4614 sensus
1460 4559 1754 4629 generalis.

726 4670 782 4737 2)
818 4665 1062 4721 Lexicon
1099 4665 1404 4735 Taciteum,
1442 4683 1573 4736 pag.
1616 4672 1733 4723 141.
