3303 5235
524 311 606 376 72
1038 311 1219 381 Caput
1255 311 1347 366 IV.
1405 311 1489 364 De
1527 308 1955 381 participiorum
1990 327 2093 364 usu
2132 308 2481 364 attributivo.

514 477 895 542 accendenda
938 496 1042 557 spe
1077 475 1340 556 aliisque
1375 474 1515 539 belli
1550 475 1982 540 incitamentis.
2036 473 2215 557 XIII,
2244 473 2324 537 31
2378 473 2713 538 laudandis
2743 474 2970 553 funda-

515 584 737 648 mentis
782 588 839 646 et
882 581 1158 646 trabibus
1203 630 1217 647 .
1258 631 1270 644 .
1311 631 1325 645 .
1369 581 1691 646 volumina
1734 581 1989 663 explere.
2052 579 2139 644 ib.
2184 598 2337 644 nam
2372 585 2557 644 antea
2601 600 2727 644 non
2762 581 2973 644 minus

517 690 634 754 tali
679 689 1005 770 laryitione
1048 708 1238 769 quam
1273 689 1677 770 corripiendis
1714 689 1997 770 pecuniis
2030 687 2322 752 subiectos
2357 686 2733 770 affliyebant.
2793 684 2973 768 XIV,

523 797 601 860 19
657 797 997 878 iii-querant,
1042 795 1147 858 ille
1191 795 1426 859 orando
1480 815 1717 877 causas,
1763 793 2065 860 Servilius
2116 795 2227 859 diu
2266 793 2405 874 foro
2458 813 2602 858 mox
2658 792 2975 856 tradendis

516 903 694 967 rebus
737 901 1060 965 Romanis.
1120 898 1262 982 XV,
1291 900 1377 963 45
1411 888 1807 982 ‘conferendis
1831 902 2116 982 pecuniis
2148 904 2509 982 pervastata
2543 899 2759 964 Italia.
2819 898 2975 962 hist.

516 1006 631 1086 IV,
679 1007 766 1072 80
819 1027 1009 1088 neque
1061 1007 1190 1087 ipse
1244 1007 1452 1070 deerat
1507 1009 1877 1090 arroyantia
1934 1028 2147 1072 vocare
2204 1007 2471 1087 offensas
2522 1007 2759 1071 nimius
2814 1025 2973 1070 com-

516 1113 931 1180 memorandis
975 1132 1131 1194 quae
1175 1114 1508 1178 meruisset.
1591 1115 1809 1200 Agric.
1856 1115 1897 1178 9
1944 1116 2303 1180 ostentanda
2346 1116 2584 1179 virtute.
2668 1111 2751 1175 31
2799 1112 2973 1176 silvis

515 1229 573 1287 et
630 1219 967 1304 paludibus
1029 1217 1427 1285 emuniendis.
1518 1222 1607 1285 45
1671 1223 2033 1287 denotandis
2090 1227 2175 1286 tot
2234 1220 2555 1284 hominum
2607 1218 2973 1301 palloribus.

518 1351 666 1393 ann.
712 1326 826 1409 IV,
874 1326 960 1391 52
1015 1329 1395 1407 capessendis
1448 1329 1954 1393 accusationibus.
2036 1326 2132 1393 VI
2143 1379 2160 1412 ,
2222 1329 2299 1391 17
2358 1347 2596 1390 omnem
2638 1326 2973 1408 pecuniam

517 1434 863 1500 mercandis
890 1433 1061 1514 ayris
1088 1434 1502 1498 condiderant.
1569 1433 1752 1519 XIII,
1782 1435 1821 1499 3
1850 1435 2188 1516 aliquando
2216 1433 2597 1498 carminibus
2622 1432 2975 1516 panqendis

519 1546 712 1608 inesse
755 1538 876 1605 sibi
920 1539 1210 1603 elementa
1247 1541 1561 1605 doctrinae
1596 1541 1954 1606 ostendebat.
2009 1540 2161 1606 hist.
2189 1540 2306 1624 III,
2337 1541 2419 1604 76
2447 1540 2728 1622 pecuniis
2764 1540 2973 1603 acerbe

513 1671 624 1731 per
670 1645 1016 1725 municipia
1063 1645 1491 1726 conquirendis
1525 1647 1678 1729 plus
1721 1648 1995 1712 invidiae
2039 1668 2227 1728 quam
2272 1648 2517 1710 virium.
2587 1645 2701 1720 IV,
2753 1646 2836 1709 26
2884 1646 2977 1709 ibi

518 1755 813 1821 struenda
858 1751 988 1814 acie
1034 1800 1046 1813 .
1088 1800 1102 1813 .
1141 1800 1153 1813 .
1200 1751 1456 1816 militem
1496 1754 1851 1834 firmabant.
1866 1750 1916 1837 ¹)

836 1901 907 1965 b)
955 1899 1283 1957 Sallustii:

696 2021 850 2084 hist.
896 2019 946 2102 I,
991 2016 1097 2099 48,
1142 2016 1220 2080 16
1267 2020 1377 2098 qui
1421 2022 1668 2100 quando
1714 2023 1861 2085 talis
1904 2042 1982 2099 es,
2027 2041 2283 2085 maneas
2326 2021 2393 2084 in
2436 2020 2736 2085 sententia
2780 2023 2841 2082 et
2882 2039 2977 2082 re·

521 2132 717 2194 tineas
770 2147 955 2191 arma
1010 2135 1064 2193 te
1107 2129 1316 2194 hortor
1370 2147 1496 2190 non
1538 2127 1940 2209 prolatandis
1994 2127 2391 2193 seditionibus
2444 2127 2686 2207 ‘inquies
2738 2146 2852 2189 nos
2908 2125 2983 2188 in

517 2235 926 2300 sollicitudine
970 2238 1251 2301 attineaS.

519 2482 671 2551 quod
707 2481 1148 2552 postulandis
1196 2481 1331 2536 reis
1379 2483 1438 2536 et
1482 2479 1888 2534 accusandis
1936 2479 2072 2534 reis
2118 2478 2318 2534 tertius
2368 2497 2529 2534 casus
2575 2477 2677 2534 est.
2742 2495 2873 2532 nam
2932 2479 2985 2533 si

519 2571 773 2626 tenemus
822 2571 1074 2627 dativum
1120 2570 1434 2643 significare
1482 2586 1628 2637 rem,
1678 2568 1833 2623 cuius
1878 2572 2137 2639 respectu
2174 2568 2388 2639 aliquid
2435 2570 2521 2624 est
2564 2569 2655 2625 vel
2700 2569 2787 2639 fit,
2832 2568 2977 2623 nihil

495 2662 631 2735 est,
689 2678 786 2715 cur
830 2662 937 2714 hac
994 2661 1066 2715 ab
1123 2658 1590 2729 interpretatione
1641 2658 2055 2713 abhorreamus
2134 2659 2267 2713 Otto
2306 2660 2366 2712 et
2402 2659 2649 2728 Draeger
2692 2657 2753 2713 in
2788 2657 2966 2712 medio

518 2748 835 2817 relinquere
880 2749 1159 2817 videntur,
1198 2750 1383 2803 utrum
1424 2747 1647 2802 dativus
1686 2764 1758 2801 an
1795 2747 2074 2803 ablativus
2113 2748 2187 2803 sit
2222 2747 2651 2817 intellegendus.

691 2856 740 2923 1)
799 2854 1092 2909 Structura
1147 2852 1238 2907 eui
1291 2852 1450 2909 nulla
1519 2872 1645 2907 cum
1702 2853 2163 2908 antecedentibus
2222 2853 2538 2907 communio
2594 2856 2683 2909 est
2746 2853 2977 2908 offertur

522 2944 653 2996 Tac.
692 2958 818 2999 ann.
856 2942 1016 3008 XIII,
1055 2948 1121 2997 57
1178 2944 1379 3011 flwnen
1435 2944 1708 3012 yiynendo
1761 2943 1875 2997 sale
1927 2942 2237 3009 fecundum.
2297 2944 2356 2995 et
2391 2942 2538 3009 XIV,
2588 2949 2655 2997 27
2702 2943 2981 3011 eoniuyiis

519 3032 885 3100 suscipiendis
921 3048 1089 3100 neque
1125 3032 1337 3085 alendis
1375 3032 1559 3086 liberis
1594 3033 1760 3097 sueti,
1797 3030 1895 3085 ubi
1930 3029 2213 3085 ablativus
2251 3028 2546 3099 gerundivi
2576 3029 2858 3099 dependet
2897 3031 2973 3085 ab

522 3120 835 3189 adieetivis,
873 3136 1015 3188 quae
1054 3120 1253 3189 suapte
1290 3122 1490 3174 natura
1526 3121 1675 3174 hunc
1704 3135 1891 3173 casum
1921 3119 2255 3173 desiderant.
2306 3118 2472 3172 huius
2500 3136 2650 3186 usuS,
2689 3119 2762 3171 ad
2802 3136 2977 3187 quem

521 3226 802 3281 perpauca
839 3208 1094 3278 exempla
1130 3208 1428 3278 pertinent,
1466 3210 1692 3278 praeter
1719 3207 2226 3277 Naegelsbachium
2265 3207 2387 3262 Lat.
2420 3207 2543 3262 Stil.
2581 3225 2634 3277 p.
2669 3213 2770 3261 100
2808 3224 2981 3261 nemo

522 3300 626 3367 est,
665 3298 760 3368 qui
797 3298 1139 3353 mentionem
1177 3297 1364 3351 faciat.
1432 3297 1544 3353 duo
1583 3297 1840 3366 exempla
1876 3294 1947 3350 ab
1985 3295 2104 3350 viro
2141 3294 2241 3350 illo
2282 3296 2603 3351 doctissimo
2642 3296 2983 3351 afferuntur:

521 3388 642 3443 Liv.
682 3388 776 3456 IV,
818 3394 911 3455 14,
955 3394 1016 3441 11
1068 3392 1349 3442 contentus
1386 3387 1735 3455 possidendis
1780 3387 1931 3455 ayris
1968 3386 2056 3452 (=
2096 3384 2392 3439 contentus
2426 3384 2778 3455 possessione
2816 3402 2985 3456 agro-

521 3481 683 3544 rum).
741 3476 853 3532 Cic.
896 3475 985 3529 off.
1026 3475 1076 3543 I,
1119 3480 1211 3541 15,
1249 3480 1283 3528 4
1327 3476 1544 3529 nullum
1580 3474 1825 3541 officium
1860 3473 2145 3540 referenda
2180 3476 2368 3544 qratia
2403 3477 2578 3544 magis
2614 3476 2985 3529 necessarium

521 3572 612 3622 est.
680 3582 790 3634 quo
836 3565 962 3619 loco
1002 3564 1195 3618 Cicero
1248 3580 1374 3619 eam
1425 3564 1606 3619 solam
1657 3564 1728 3617 ob
1776 3578 2000 3616 eausam
2051 3562 2344 3633 gerundivi
2388 3563 2639 3618 ablativo
2685 3578 2985 3633 compara-

520 3654 691 3708 tionis
756 3653 959 3720 utitur,
1025 3652 1176 3721 quod
1237 3652 1426 3723 agitur
1498 3652 1568 3707 de
1631 3653 1794 3722 grato
1859 3651 2046 3706 animo
2112 3652 2274 3705 factis
2340 3652 2792 3707 demonstrando.
2862 3668 2985 3705 non

523 3742 730 3799 suffieit
779 3742 954 3813 igitur
1005 3742 1218 3796 dicere:
1274 3741 1533 3796 nullum
1585 3739 1901 3796 officium
1951 3745 2148 3810 grato
2202 3740 2420 3795 animo
2471 3740 2686 3811 magis
2738 3756 2982 3794 neces-

523 3832 772 3887 sarium
809 3833 930 3887 est.
