3303 5235
599 259 687 324 50
1666 256 1852 330 eaput
1888 259 1984 314 111.

607 421 907 507 designat
951 422 1046 486 ita
1083 442 1229 486 cum
1269 421 1559 486 subiecto
1606 423 1939 500 coalescit,
1984 426 2059 487 ut
2095 445 2169 486 ex
2208 423 2456 488 duabus
2504 445 2633 488 una
2685 424 2803 488 fiat
2846 424 3075 489 notio,

601 529 793 592 sicut:
842 527 991 592 Tac.
1040 550 1186 592 ann.
1237 527 1295 610 Ι,
1338 528 1448 592 73:
1513 527 1753 593 Rubrio
1797 529 2051 593 crimini
2106 529 2373 594 dabatur
2425 531 2723 595 violatum
2764 531 3080 613 periurio

597 655 826 699 numen
870 635 1158 718 Auyusti.
1232 634 1357 718 ΙΙΙ,
1396 635 1483 698 24
1522 636 1705 718 yravi
1718 631 1725 638 ’
1748 636 1997 730 nomine
2042 635 2354 702 laesarum
2398 638 2763 720 reliyionum
2808 659 2883 702 ac
2924 639 3081 702 vio-

599 742 761 806 latae
805 742 1160 806 maiestatis.
1232 740 1347 823 ΙΙΙ,
1396 739 1484 804 54
1535 741 1683 806 haec
1737 743 1965 807 omissa
2014 743 2302 823 funditus
2354 745 2790 826 rempublicam
2836 745 3080 838 trahet.

597 846 710 930 IV,
747 848 836 911 44
881 849 1024 914 bene
1069 848 1326 912 tolerata
1358 853 1703 929 paupertas
1738 849 1879 913 dein
1920 869 2181 932 maynae
2216 871 2355 932 opes
2399 851 2748 916 innocenter
2778 856 3083 934 paratae

591 959 648 1016 et
700 955 955 1018 modeste
1015 955 1271 1018 habitae.
1366 952 1488 1036 VI,
1534 955 1618 1018 27
1672 976 1863 1038 yenus
1920 956 2019 1020 illi
2082 957 2363 1020 decorum
2419 959 2625 1022 vivida
2678 964 2951 1024 senectus
3002 963 3077 1022 et

597 1081 722 1124 non
765 1062 1076 1143 permissa
1127 1061 1455 1164 provincia
1509 1063 1925 1144 diynationem
1981 1063 2320 1129 addiderat.
2404 1063 2559 1129 hist.
2603 1064 2728 1150 ΙΙΙ,
2776 1065 2863 1130 59
2910 1085 3075 1147 pos-
3104 1127 3111 1131 .

594 1187 760 1231 sessa
793 1167 1111 1232 Mevania.
1184 1166 1308 1250 ΙΙΙ,
1346 1168 1431 1231 82
1465 1173 1663 1249 parta
1709 1170 1924 1234 totiens
1959 1171 2229 1234 victoria.
2319 1169 2485 1234 Vell.
2522 1169 2614 1255 ΙΙ,
2652 1171 2739 1235 36
2788 1171 3072 1236 Lentulo

589 1275 825 1356 yloriae
874 1275 1002 1355 fuit
1045 1275 1186 1338 bene
1242 1274 1498 1338 tolerata
1530 1280 1889 1357 paupertas.
1972 1274 2071 1360 ΙΙ,
2124 1275 2250 1339 130
2303 1276 2479 1340 cuius
2524 1278 2811 1360 temporis
2854 1280 3071 1360 aeyri-

596 1382 868 1445 tudinem
912 1382 1095 1446 auxit
1146 1382 1380 1445 amissa
1433 1386 1644 1447 mater.
1727 1380 1852 1446 huc
1910 1382 2107 1447 etiam
2162 1386 2413 1467 spectat
2466 1405 2613 1448 ann.
2657 1382 2751 1468 ΙΙ,
2800 1384 2889 1448 43
2942 1407 3068 1450 nec

581 1508 762 1568 posse
805 1493 1036 1552 motum
1086 1487 1394 1552 Orientem
1439 1489 1735 1570 componi.

768 1594 1059 1658 Tertium
1129 1594 1205 1659 fit
1277 1615 1508 1680 genus,
1591 1595 1646 1659 si
1719 1598 1975 1660 tantum
2046 1597 2215 1661 inter
2288 1596 2646 1663 subiectum
2722 1601 2787 1662 et
2858 1620 3057 1682 prae-

594 1701 874 1765 dicatum
923 1700 1265 1765 discrimen
1314 1705 1437 1785 est,
1496 1704 1567 1765 ut
1611 1702 2055 1786 praedicatum
2101 1704 2366 1768 notione
2414 1725 2605 1787 quam
2652 1708 2891 1769 vocant
2938 1706 3065 1770 ab·

593 1811 833 1880 stracta
887 1807 1274 1871 instructum
1331 1808 1442 1892 sit,
1507 1809 1863 1873 subiectum
1926 1813 2241 1876 concreta.
2330 1811 2524 1875 huius
2580 1810 2819 1895 speciei
2878 1813 3065 1896 apud

590 1914 844 1979 Livium
899 1933 1221 1996 perpauca
1271 1914 1563 1997 exempla
1623 1919 2003 1998 suppetunt,
2063 1916 2243 1980 nulla
2295 1916 2468 2000 apud
2518 1918 2825 1983 classicos
2891 1920 3058 1983 scri·

589 2024 830 2105 ptores,
905 2019 1072 2103 apud
1113 2019 1414 2084 Tacitum
1454 2042 1655 2084 unum
1693 2020 1885 2105 idque
1922 2022 2503 2088 luculentissimum
2542 2046 2689 2088 ann.
2728 2023 2785 2108 Ι,
2825 2026 2864 2090 8
2910 2047 3057 2090 cum

591 2129 817 2192 occisus
869 2128 1128 2191 dictator
1181 2125 1414 2191 Caesar
1464 2126 1612 2190 aliis
1665 2129 2006 2208 pessimum
2060 2129 2208 2194 aliis
2251 2129 2741 2211 pulcherrimum
2794 2132 3061 2212 facinus

589 2236 907 2299 videretur.
1007 2254 1126 2297 nec
1189 2232 1403 2297 minus
1480 2233 1847 2298 notandum
1912 2239 2011 2299 est
2082 2234 2244 2300 illud
2316 2234 2542 2303 Vellei.
2597 2236 2690 2321 ΙΙ,
2737 2239 2822 2303 38
2900 2261 3057 2304 nam

593 2339 834 2424 prrus
878 2340 1110 2405 devicta
1152 2341 1390 2405 nullius
1434 2341 1818 2424 assiynanda
1855 2341 2091 2424 yloriae
2136 2347 2236 2408 est.
2320 2344 2778 2428 gravissimum
2828 2349 3049 2410 autem

591 2448 790 2512 robur
828 2450 894 2512 et
928 2446 1180 2530 pondus
1220 2447 1528 2513 orationis
1568 2469 1680 2513 eae
1717 2449 2078 2514 locutiones
2117 2449 2417 2528 excitant,
2455 2449 2525 2513 in
2563 2451 2797 2534 quibus
2837 2451 3041 2516 homi-

588 2575 743 2619 num
801 2554 980 2638 ipsae
1035 2575 1350 2637 personae
1405 2553 1474 2617 in
1531 2553 1865 2639 qualitatis
1921 2555 2134 2621 locum
2192 2555 2695 2642 substituuntur,
2751 2579 2909 2624 nam
2960 2593 3042 2605 —-

589 2660 656 2724 id
721 2661 891 2744 quod
948 2659 1270 2725 Luebbert
1323 2660 1691 2725 acutissime
1747 2665 1969 2726 monet
2028 2698 2104 2707 —
2172 2663 2263 2726 ad
2324 2663 2755 2747 simplicem
2818 2668 3050 2729 actus

590 2768 708 2831 vel
763 2769 1014 2831 motus
1081 2766 1753 2850 significationem
1821 2768 2137 2833 consilii
2192 2771 2267 2832 et
2320 2770 2763 2835 voluntatis
2821 2772 3045 2838 notio

591 2872 908 2937 accedit.
990 2871 1180 2935 huius
1238 2873 1489 2957 generis
1553 2875 1766 2940 certus
1823 2874 2086 2960 quidam
2147 2875 2372 2940 modus
2430 2880 2559 2961 est,
2616 2878 2787 2943 ultra
2855 2900 3043 2964 quem

591 2979 935 3063 scriptores
990 2999 1191 3062 usque
1239 2978 1320 3041 ad
1367 2978 1576 3044 Taciti
1633 2984 1913 3047 aetatem
1959 2982 2177 3067 egredi
2231 3004 2367 3046 non
2426 2984 2567 3048 ausi
2626 2988 2796 3049 sunt.
2878 3006 3049 3069 quae

591 3085 762 3149 enim
809 3084 982 3169 apud
1027 3082 1400 3150 Ciceronem
1447 3089 1513 3150 et
1556 3084 1811 3153 Livium
1861 3086 2277 3151 inveniuntur
2323 3090 2619 3173 exempla
2662 3111 2797 3155 non
2846 3090 3049 3156 aliam

589 3192 872 3257 indolem
915 3190 1191 3276 habent,
1238 3213 1430 3275 quam
1481 3190 1775 3259 Sallustii
1821 3193 2008 3257 illud:
2081 3192 2219 3258 cat„
2265 3194 2371 3279 48,
2418 3196 2461 3259 4
2504 3217 2581 3261 ne
2624 3217 2766 3261 eum
2808 3198 3045 3263 Lentu-

592 3300 688 3364 lus
730 3304 789 3364 et
823 3297 1114 3381 Cetheyus
1158 3299 1388 3380 aliique
1431 3319 1505 3363 ex
1540 3299 1959 3364 coniuratione
2003 3299 2354 3382 deprehensi
2399 3306 2692 3367 terrerent
2734 3305 2800 3367 et
2836 3302 3049 3368 Taciti

588 3406 750 3469 illud
805 3427 952 3470 ann.
999 3404 1127 3469 XII
1134 3455 1150 3486 ,
1198 3405 1281 3469 69
1347 3425 1424 3469 ne
1477 3407 1851 3489 antepositus
1902 3407 2035 3488 filio
2080 3408 2415 3491 priviynus
2476 3409 2720 3474 iniuria
2774 3414 2832 3474 et
2882 3410 3047 3474 invi-

588 3513 696 3577 dia
723 3513 966 3578 animos
999 3511 1167 3594 vulyi
1205 3512 1489 3577 turbaret.
1526 3550 1600 3559 —-
1643 3513 1797 3579 Alia
1834 3536 2035 3598 eaque
2064 3514 2409 3579 audaciora
2446 3536 2480 3578 e
2510 3515 2734 3581 Tacito
2773 3536 3043 3600 conges-

591 3619 820 3702 simus,
878 3618 1045 3683 sicut
1091 3639 1236 3683 ann.
1281 3618 1341 3703 Ι,
1391 3620 1472 3683 16
1531 3621 1790 3705 leyiones
1832 3621 2048 3686 seditio
2092 3621 2341 3686 incessit
2380 3622 2511 3686 nisi
2560 3622 2724 3705 quod
2766 3626 3047 3687 mutatus

579 3725 869 3806 princeps
915 3725 1223 3789 licentiam
1269 3726 1591 3791 turbarum
1636 3728 1993 3793 ostendebat.
2072 3726 2131 3807 Ι,
2172 3728 2259 3791 42
2305 3747 2448 3793 neve
2493 3730 2723 3794 occisus
2766 3728 3049 3811 Any-usti

578 3852 922 3913 praenepos
965 3832 1285 3913 interfecta
1334 3833 1567 3897 Tiberii
1610 3854 1811 3899 nurus
1864 3834 2235 3899 nocentiores
2286 3854 2390 3899 vos
2438 3834 2697 3915 faciant.
2785 3832 2905 3919 ΙΙΙ,
2956 3834 3045 3898 50

589 3936 950 4025 (Lutorius)
997 3940 1107 4020 qui
1141 3960 1329 4021 neque
1363 3944 1640 4005 servatus
1684 3941 1754 4003 in
1787 3940 2139 4021 periculum
2172 3941 2267 4005 rei
2299 3941 2585 4023 publicae
2620 3962 2810 4023 neque
2853 3942 3044 4006 inter-

584 4046 776 4127 fectus
829 4047 900 4110 in
945 4046 1287 4129 eoeemplum
1341 4045 1467 4109 ibit.
1567 4045 1720 4111 hist.
1757 4044 1883 4124 III,
1920 4046 2006 4110 32
2061 4048 2243 4111 auxit
2294 4048 2599 4113 invidiam
2633 4047 2864 4112 editum
2909 4048 3043 4113 illic

589 4174 630 4215 a
677 4150 942 4217 Caecina
988 4154 1409 4236 yladiatorum
1461 4154 1868 4234 spectaculum
1926 4154 2246 4235 eademque
2298 4174 2517 4219 rursus
2571 4154 2713 4220 belli
2764 4155 2931 4219 sedes
2984 4158 3043 4218 et

586 4259 848 4341 praebiti
894 4261 962 4324 in
1007 4262 1135 4324 acie
1187 4260 1536 4324 Vitellianis
1581 4261 1701 4326 cibi
1744 4281 1951 4326 caesae
1994 4262 2297 4341 quaedam
2337 4261 2607 4341 feminae
2648 4261 2853 4325 studio
2886 4281 3041 4343 par-

589 4367 746 4430 tium
790 4367 877 4431 ad
905 4367 1214 4448 proelium
1247 4388 1621 4451 proyressae.
1705 4365 1818 4448 IV,
1870 4367 1948 4431 19
2005 4368 2257 4450 trepidis
2300 4369 2608 4433 ministris
2651 4388 2803 4449 quos
2845 4368 3037 4432 ambi-

583 4493 744 4555 yuus
789 4473 1172 4537 auxiliorum
1217 4475 1426 4539 animo
1464 4478 1521 4538 et
1563 4474 1759 4539 subito
1796 4473 2021 4538 delectu
2064 4473 2373 4555 suppletae
2418 4473 2676 4557 leyiones
2719 4473 3037 4556 angebant.

589 4600 736 4645 ann.
775 4579 804 4642 I
815 4630 831 4667 ,
870 4578 954 4643 59
1003 4579 1370 4645 Arminium
1404 4600 1586 4662 swper
1629 4582 1887 4645 insitam
1922 4580 2276 4645 violentiam
2320 4584 2505 4663 rapta
2540 4601 2700 4661 uxor
2734 4580 3037 4647 subiectus
