3303 5235
908 289 990 344 De
1028 289 1447 359 participiorum
1487 307 1588 346 usu
1627 288 2029 358 praedicativo,
2610 285 2693 351 83

235 455 577 536 ylorioswm
640 455 767 518 nisi
839 459 1039 518 tutum
1109 459 1166 519 et
1228 455 1441 518 omnia
1511 455 1863 520 retinendae
1932 453 2376 520 dominationis
2445 451 2695 518 honesta

241 562 582 626 existumet.
595 558 644 646 1)

487 774 547 841 0.
628 771 1047 842 Audaciorem
1091 773 1162 838 in
1207 771 1453 838 modum
1498 773 1841 857 genetivus
1885 773 1963 840 ut
2005 771 2449 855 praedicativa

238 916 618 1000 epexegesis
667 917 748 980 ad
796 917 1146 999 obiectum,
1202 938 1333 982 non
1381 917 1461 981 ad
1519 917 1877 981 subiectum
1934 916 2205 1000 accedit,
2262 938 2449 1000 quem
2506 937 2695 980 usum

238 1021 590 1087 Sallustius
656 1027 722 1087 et
775 1022 1040 1087 Tacitus
1105 1023 1420 1108 singulari
1491 1045 1646 1108 prae
1712 1023 1856 1086 aliis
1923 1022 2133 1087 studio
2200 1022 2480 1105 amplexi
2546 1025 2699 1085 sunt

237 1129 449 1192 velut:
525 1127 678 1194 Sall.
728 1130 880 1194 hist.
926 1129 977 1212 I,
1014 1128 1120 1212 48,
1153 1128 1246 1191 ’10
1285 1149 1448 1210 quae
1501 1129 1711 1210 (arma
1766 1126 2007 1213 civilia)
2064 1129 2169 1193 ille
2226 1129 2555 1193 advorsum
2608 1129 2698 1192 di-

236 1236 394 1299 vina
437 1240 497 1299 et
536 1235 814 1300 humana
868 1236 1079 1299 omnia
1123 1235 1279 1316 cepit
1329 1255 1455 1298 non
1487 1255 1610 1318 pro
1666 1255 1783 1299 sua
1828 1238 1941 1300 aut
1991 1255 2251 1316 quorum
2304 1234 2562 1322 simulat
2603 1235 2697 1298 in-

237 1342 443 1425 iuria,
488 1331 598 1406 sed
639 1343 836 1425 leynm
881 1362 954 1406 ae
1001 1341 1297 1406 libertatis
1337 1341 1802 1406 'subvortundae
1866 1340 2015 1405 Tac.
2044 1363 2192 1405 ann.
2218 1340 2304 1425 11,
2332 1342 2415 1406 37
2462 1361 2570 1406 nec
2616 1342 2703 1406 ad

237 1449 549 1514 invidiam
601 1451 750 1528 ista,
803 1450 910 1514 sed
949 1448 1368 1512 conciliandae
1411 1448 1865 1512 misericordiae
1916 1447 2129 1528 resera
2208 1447 2333 1532 111,
2380 1449 2463 1514 27
2513 1448 2698 1530 pulso

241 1555 594 1637 Tarquinio
630 1557 951 1620 adversum
985 1558 1246 1635 patrum
1278 1554 1576 1634 factiones
1611 1554 1811 1619 multa
1842 1554 2113 1635 popalus
2146 1557 2410 1636 paravit
2443 1556 2699 1620 tuendae

237 1661 547 1727 libertatis
589 1667 647 1726 et
688 1662 1036 1744 firmandae
1080 1662 1449 1725 concordiae.
1519 1659 1640 1745 ΙΙΙ,
1686 1662 1768 1724 41
1818 1665 2119 1742 spectatus
2164 1665 2220 1724 et
2268 1660 2561 1728 Sacrovir
2604 1663 2697 1725 in-

237 1771 390 1832 tecto
445 1770 642 1850 capite
683 1788 966 1852 paynam
1007 1788 1130 1849 pro
1177 1767 1484 1831 Romanis
1527 1767 1693 1832 ciens
1746 1769 2135 1832 ostentandae
2178 1771 2252 1832 ut
2301 1768 2534 1848 ferebat
2576 1769 2697 1832 vir-

237 1876 408 1938 tutis.
483 1873 598 1958 VI,
635 1875 721 1939 30
762 1875 1094 1956 pecuniam
1147 1895 1191 1938 a
1250 1873 1438 1938 Vario
1485 1874 1717 1956 Isiynre
1760 1875 2122 1938 omittendae
2166 1874 2489 1938 delationis
2541 1895 2697 1956 cepe-

237 1985 409 2045 rant.
481 1981 567 2046 ib.
613 2001 770 2062 qnae
803 1981 1090 2044 seditiosa
1125 1983 1182 2044 et
1215 1982 1691 2062 corrumpendae
1725 1981 2085 2062 disciplinae
2118 2001 2264 2046 mox
2298 1982 2370 2044 in
2393 1982 2699 2062 praedam

239 2087 511 2150 vertebat
563 2081 775 2172 (deest
828 2084 1000 2169 apud
1046 2084 1560 2170 Hoffmannum).
1638 2085 1923 2150 eiusdem
1987 2087 2243 2170 generis
2307 2109 2448 2152 esse
2490 2091 2700 2170 putes

245 2193 444 2258 etiam
493 2192 640 2256 Tac.
689 2215 835 2256 ann.
881 2191 995 2277 111,
1041 2192 1125 2256 27
1182 2211 1335 2256 nam
1378 2197 1612 2258 secutae
1657 2192 1807 2275 leyes
1860 2193 1972 2256 etsi
2017 2193 2352 2274 aliqnando
2396 2195 2468 2258 in
2512 2195 2694 2258 male-

245 2301 390 2381 ficos
451 2320 527 2366 ea:
579 2299 791 2363 delicto
853 2299 1100 2382 saepius
1161 2302 1366 2362 tamen
1429 2299 1802 2362 dissensione
1863 2299 2151 2363 ordinum
2204 2304 2263 2363 et
2321 2301 2700 2382 adipiscendi

251 2407 494 2470 illicitos
545 2405 802 2470 honores
845 2410 957 2470 aut
995 2405 1270 2486 pellendi
1311 2405 1510 2469 claros
1553 2407 1718 2469 viros
1763 2405 2011 2486 aliaque
2055 2404 2126 2468 ob
2170 2426 2377 2486 prava
2412 2425 2529 2487 per
2573 2407 2699 2470 vim

257 2513 420 2576 latae
459 2517 619 2578 sunt.
691 2511 1015 2596 quomodo
1065 2512 1236 2576 enim
1296 2511 1633 2595 genetivus
1682 2531 1758 2574 ex
1806 2511 2287 2595 comparatione
2334 2533 2477 2575 cum
2525 2513 2695 2576 locu-

261 2619 536 2684 tionibus
585 2617 1031 2686 usitatissimis
1071 2620 1291 2703 quales
1333 2621 1512 2684 sunt:
1561 2617 1682 2682 lex
1728 2617 2171 2682 maiestatis
2210 2656 2294 2663 ——
2333 2619 2455 2683 lex
2501 2617 2700 2682 iudi-

250 2724 541 2790 ciorum
596 2725 1082 2808 publicorum
1135 2762 1205 2771 —
1270 2725 1482 2809 leges
1530 2724 2132 2808 repetundarum
2180 2724 2345 2789 aliae
2392 2725 2699 2808 explicari

242 2831 457 2915 possit
502 2829 857 2896 Hoffmann
902 2831 1103 2895 docet.

520 3079 591 3143 D.
664 3076 1010 3143 Genetivus
1056 3034 1401 3160 gerundivi
1446 3077 1523 3144 ut
1568 3076 1936 3160 epexegesis
1990 3076 2435 3160 praedicativa

239 3242 381 3287 non
428 3224 564 3287 tam
611 3222 896 3304 pertinet
941 3220 1024 3285 ad
1071 3221 1393 3287 obiectum
1439 3220 1676 3304 ipsum,
1723 3206 1919 3304 quani
1962 3219 2043 3285 ad
2090 3221 2411 3285 actionem
2458 3221 2540 3285 ab
2588 3222 2737 3289 ob-.

239 3327 416 3393 iecto
465 3327 549 3391 ad
593 3328 888 3393 effectum
937 3328 1390 3392 adducendam.

397 3557 448 3625 1)
496 3556 667 3611 Nullo
715 3555 835 3611 iure
881 3548 1185 3611 Hoffmann
1228 3554 1290 3609 in
1345 3572 1638 3612 numerum
1693 3555 1891 3609 horum
1938 3555 2319 3624 exemplorum
2356 3556 2529 3613 refert
2566 3558 2697 3617 Sall.

237 3642 368 3697 Cat.
409 3651 504 3711 46,
541 3652 572 3699 2
621 3662 858 3715 poenam
910 3646 1133 3702 illorum
1185 3645 1293 3697 sibi
1345 3645 1526 3710 oneri,
1581 3645 1963 3713 impunitatem
2002 3645 2323 3712 perdwndae
2368 3648 2702 3714 reipublicae

234 3733 366 3799 fore
410 3734 672 3791 credebat.
748 3751 926 3803 neque
973 3732 1209 3787 Dietsch
1254 3731 1707 3805 rectam-prodit
1750 3731 2298 3803 interpretationem,
2344 3750 2470 3787 cum
2521 3735 2701 3789 dieat:

239 3821 350 3876 der
387 3824 631 3877 wechsel
669 3823 766 3876 des
805 3822 1113 3879 ausdrucks
1150 3820 1228 3875 ist
1264 3838 1404 3891 ganz
1434 3820 1674 3877 Sallusts
1710 3821 2072 3890 gewohnheit
2109 3821 2241 3890 (sibi
2277 3823 2435 3877 oneri
2472 3854 2539 3865 —-
2576 3841 2701 3892 per-

240 3910 474 3969 dundae
510 3910 878 3981 reipublicae;
918 3910 1140 3966 dativus
1173 3942 1238 3949 —-
1267 3911 1585 3980 genetivus)
1624 3910 1779 3965 cuius
1830 3910 2139 3965 sententiae
2187 3910 2235 3963 si
2272 3910 2502 3965 Dietsch
2540 3928 2701 3981 argu-

239 4001 442 4055 menta
479 4016 545 4053 ex
584 4000 839 4054 Sallustii
877 3998 1100 4069 scriptis
1139 4001 1438 4069 desumpta
1473 3990 1721 4069 proferre
1768 3998 2081 4069 iuberetur,
2126 3998 2315 4055 nescio
2354 4016 2426 4054 an
2469 4015 2701 4069 magnas

241 4088 305 4143 in
355 4088 645 4159 angustias
692 4088 1062 4144 delaberetur.
1145 4088 1386 4143 libenter
1430 4088 1679 4144 faverem
1732 4087 1864 4143 huic
1912 4086 2184 4158 opinioni,
2242 4087 2289 4141 si
2334 4089 2407 4141 ad
2444 4087 2701 4145 Tacitum

243 4178 560 4249 spectaret,
618 4195 784 4247 quem
839 4178 1020 4246 magis
1077 4194 1244 4247 quam
1293 4179 1508 4232 ceteros
1553 4178 1848 4233 verborum
1897 4175 2333 4231 concinnitatem
2378 4176 2701 4246 repudiasse

243 4269 492 4323 constat.
549 4284 729 4337 neque
767 4266 1074 4337 quidquam
1105 4267 1333 4323 Dietsch
1371 4267 1633 4332 lucratur,
1674 4266 1723 4319 si
1752 4264 1884 4321 Sall.
1916 4264 2033 4321 Cat.
2063 4264 2159 4333 VI,
2190 4270 2219 4319 7
2256 4264 2499 4319 conferri
2526 4265 2700 4333 iubet,

244 4356 460 4427 quippe
497 4372 608 4424 quo
647 4372 716 4411 ex
753 4356 879 4409 loco
919 4355 1258 4414 contrarium
1298 4355 1416 4409 eius
1455 4356 1753 4425 appareat,
1793 4353 1945 4423 quod
1981 4352 2102 4423 ipse
2142 4352 2523 4409 demonstrare
2560 4355 2697 4408 vult.

246 4444 724 4515 quemadmodum
762 4444 912 4497 enim
949 4442 1050 4497 illo
1087 4443 1214 4499 loco
1254 4459 1320 4497 ex
1346 4442 1532 4499 verbis
1578 4441 2087 4497 conservandae
2125 4439 2485 4496 libertatis
2522 4443 2703 4511 liquet

249 4533 605 4603 augendae
641 4532 804 4600 reip.
844 4532 1148 4587 secundum
1177 4548 1298 4587 esse
1327 4548 1534 4601 casum,
1571 4531 1655 4585 ita
1679 4531 1772 4587 hic
1808 4530 2203 4601 perdundae
2240 4528 2404 4601 reip.
2447 4529 2699 4586 dativum

251 4638 376 4675 esse
415 4638 484 4675 ex
519 4620 884 4676 antecedente
923 4637 1042 4676 voc.
1081 4618 1272 4675 oneri
1309 4620 1483 4689 patet.

2204 4708 2276 4761 6*
