3303 5235
922 290 1006 344 De
1042 289 1462 360 participiorum
1504 307 1608 344 usu
1643 289 2043 360 praedicativo.
2626 290 2707 352 81

245 452 452 517 dono
511 453 577 516 ei
633 453 844 517 dedit
907 453 1192 517 librum
1250 454 1577 519 malebant
1631 454 1838 519 dicere
1898 453 2175 517 donum
2233 452 2435 517 libri.
2519 456 2711 538 atque

247 583 396 624 eam
467 560 1002 625 consuetudinem
1058 561 1126 624 in
1176 562 1544 646 genetivum
1609 560 1903 645 gerundii
1969 559 2311 624 transferri
2376 581 2508 623 non
2573 581 2711 624 esse

245 670 475 750 potest
539 689 652 731 cur
710 668 1033 731 miremur.
1117 668 1410 751 exempla
1462 667 1655 732 huius
1710 689 1891 751 usne,
1948 689 2136 751 quem
2196 688 2387 730 nemo
2433 665 2714 751 ignorat,

245 777 410 838 sunt
456 796 560 859 ea,
608 795 772 858 quae
821 796 1016 858 supra
1061 776 1100 853 ξ
1154 775 1229 837 11
1295 773 1955 839 commemoravimus
2040 796 2236 857 quare
2282 772 2449 837 nihil
2491 777 2711 854 restat,

243 905 448 966 quam
495 885 570 945 ut
625 882 1046 964 profiteamur
1100 880 1176 945 de
1235 881 1659 966 grammatica
1705 879 1952 944 ratione
2009 880 2133 944 loci
2181 879 2384 945 Tacit.
2433 902 2580 944 ann.
2625 879 2712 964 II,

248 989 376 1052 43:
435 989 811 1052 Plancinam
864 988 1036 1052 haud
1085 988 1263 1052 dubie
1317 988 1605 1070 Auyusta
1668 989 1910 1052 monuit
1969 987 2377 1052 aemulatione
2430 988 2715 1052 muliebri

258 1095 682 1176 Ayrippinam
753 1095 1099 1158 insectandi
1169 1095 1528 1158 sententiae
1601 1093 1979 1158 Hoffmanni
2052 1115 2173 1158 nos
2249 1116 2509 1186 prorsus
2577 1116 2711 1159 non

256 1199 561 1264 assentiri
606 1197 713 1286 (cf.
753 1203 792 1280 ξ
832 1201 890 1281 8,
925 1198 1069 1286 IV).
1153 1201 1544 1285 singularem
1591 1200 1782 1264 huius
1831 1223 1984 1281 usus
2032 1200 2309 1284 speciem
2356 1200 2711 1265 Hoffmann

251 1306 522 1370 exhibet
548 1305 686 1370 Liv.
714 1304 987 1389 XXXV,
1015 1307 1121 1388 49,
1155 1306 1234 1370 13
1272 1327 1423 1372 nam
1449 1307 1612 1387 quod
1645 1308 1942 1388 optimum
1969 1327 2092 1371 esse
2117 1307 2332 1372 dicunt
2363 1328 2487 1371 non
2524 1308 2713 1371 inter-

245 1407 523 1494 ponendi
565 1433 671 1477 vos
726 1412 874 1477 bello
929 1411 1092 1476 nihil
1144 1413 1332 1476 immo
1379 1417 1508 1476 tam
1564 1412 1839 1476 alienum
1891 1413 2068 1478 rebus
2120 1416 2349 1480 nostris
2400 1421 2489 1480 est
2542 1415 2712 1499 quod

249 1519 380 1584 hoc
428 1520 572 1584 loco
603 1519 940 1605 genetivus
979 1518 1350 1603 epexegesis
1387 1518 1596 1582 instar
1633 1519 1882 1583 accedit
1926 1519 2006 1583 ad
2044 1542 2411 1606 ,pronomen
2458 1523 2712 1606 generis

249 1626 572 1690 neutrius.
647 1624 933 1689 eiusdem
980 1625 1112 1689 fere
1160 1624 1413 1708 generis
1462 1627 1588 1688 est:
1645 1623 1807 1689 Vell.
1856 1624 1951 1708 II,
2003 1627 2155 1709 128,
2207 1628 2240 1690 1
2288 1649 2478 1709 neque
2521 1648 2715 1694 novus

250 1733 354 1797 hic
381 1733 388 1738 ’
413 1753 548 1796 mos
591 1737 840 1797 senatus
882 1731 1216 1814 populique
1258 1730 1535 1795 Romani
1591 1737 1680 1796 est
1711 1733 1985 1814 putandi
2037 1734 2199 1814 quod
2251 1735 2547 1816 optimum
2592 1754 2714 1800 esse

249 1839 738 1922 nobilissimum,
793 1859 1183 1921 quamquam
1239 1837 1308 1900 in
1353 1837 1478 1901 1106
1524 1837 1814 1921 exemplo
1864 1839 2199 1922 genetivus
2244 1841 2313 1903 in
2359 1839 2572 1904 locum
2618 1841 2714 1902 in-

252 1945 497 2009 finitivi
555 1945 665 2026 qui
712 1943 1149 2027 praedicatum
1204 1943 1469 2026 praebet
1514 1944 1902 2008 substitutus
1946 1966 2084 2008 esse
2139 1945 2409 2010 videtur.
2495 1947 2713 2030 itaque

256 2051 544 2135 perbene
602 2049 882 2132 explicat
933 2047 1318 2112 Hoffmann:
1393 2070 1633 2133 neque
1691 2071 1935 2114 novus
1976 2050 2111 2114 -hio
2177 2073 2333 2116 mos
2400 2056 2713 2116 senatus

257 2157 687 2242 populique
716 2155 1043 2242 Romani
1084 2158 1200 2219 est
1234 2155 1557 2238 putandi
1599 2156 1797 2238 quod
1836 2178 1940 2240 qu·
1972 2179 2020 2220 s.
2076 2154 2242 2220 idem
2276 2179 2416 2221 esse
2447 2179 2545 2222 ac:
2589 2158 2711 2222 hic

259 2285 420 2328 mos
470 2261 802 2346 putandi
850 2313 863 2325 .
903 2313 916 2326 .
956 2312 970 2326 .
1008 2311 1022 2326 .
1069 2284 1219 2326 non
1265 2283 1506 2326 novus
1555 2265 1689 2325 est.
1762 2284 1896 2326 non
1935 2261 2123 2326 aliter
2161 2284 2227 2326 se
2265 2263 2531 2328 habent:
2580 2262 2713 2328 Cic.

263 2369 440 2434 Brut.
492 2370 576 2433 74
586 2419 603 2452 ,
651 2368 780 2432 258
839 2369 1058 2432 aetatis
1102 2368 1275 2432 illius
1318 2369 1442 2432 ista
1488 2369 1626 2433 laus
1667 2368 1797 2448 fuit
1851 2372 2149 2449 tanquam
2201 2355 2583 2434 innocentiae
2626 2371 2715 2434 sic

267 2477 455 2539 latine
508 2476 806 2557 loquendi.
889 2472 1025 2538 Liv.
1072 2472 1376 2557 XXXIV,
1424 2474 1536 2558 25,
1583 2474 1624 2537 5
1680 2475 1956 2537 omnium
2000 2477 2361 2558 principum
2416 2475 2715 2540 Graeciae

275 2582 476 2645 eadem
529 2581 830 2647 sententia
892 2584 1028 2644 erat
1086 2601 1222 2645 eum
1288 2601 1479 2646 eausa
1540 2580 1681 2645 belli
1742 2600 1869 2644 non
1931 2585 2080 2645 esset
2134 2581 2277 2647 inde
2324 2583 2715 2663 potissimum

264 2689 542 2753 ordiendi
595 2690 752 2755 belli.
836 2687 1180 2751 audaciora
1235 2688 1548 2752 habemus
1559 2739 1576 2772 ,
1631 2688 1686 2752 si
1744 2688 2102 2752 subiectum
2170 2687 2534 2773 praedicato
2600 2712 2715 2773 per

261 2796 720 2879 attractionem
758 2795 851 2859 ita
887 2797 1340 2878 commutatur,
1377 2798 1450 2858 ut
1488 2795 1789 2879 genetivo
1820 2816 1971 2859 casu
2005 2800 2243 2878 utatur,
2272 2797 2441 2881 quod
2470 2797 2713 2862 factum

263 2922 405 2964 esse
454 2900 704 2964 videtur
749 2901 818 2963 in
867 2899 1009 2965 Sen.
1056 2922 1228 2966 conS.
1277 2901 1355 2965 ad
1402 2901 1628 2984 Polyb.
1677 2901 1766 2984 X,
1814 2902 1897 2965 29
1944 2906 2031 2965 est
2073 2902 2230 2967 mihi
2273 2905 2441 2967 crede
2484 2924 2713 2986 mayna

256 3006 526 3085 felicitas
578 3008 649 3071 in
692 3009 831 3090 ipsa
883 3007 1175 3087 felicitate
1230 3007 1546 3070 moriendi.
1619 3006 1790 3069 idem
1839 3009 2015 3072 certo
2078 3008 2312 3072 accidit
2358 3006 2485 3073 Cic.
2533 3008 2713 3073 Brut.

264 3111 294 3174 I
304 3162 323 3195 ,
368 3113 442 3196 4,
488 3114 529 3177 3
592 3135 669 3177 ne
727 3115 970 3194 frustra
1033 3133 1382 3195 offlessum
1454 3132 1577 3177 esse
1647 3112 1996 3177 Antonium
2062 3116 2269 3195 ⁴qavisi
2339 3116 2534 3179 simus
2593 3137 2715 3179 neu

262 3238 496 3301 semper
535 3221 738 3301 primi
790 3222 1036 3285 cuiusve
1089 3220 1246 3284 mali
1299 3218 1612 3293 eoecidendi
1656 3238 1845 3282 causa
1889 3218 1974 3281 sit
2012 3222 2085 3281 ut
2136 3219 2315 3284 aliud
2334 3226 2715 3289 ,renaseabur

263 3326 371 3389 illo
403 3327 605 3407 peius.

445 3431 850 3517 Quamquam
897 3432 1370 3499 concedendum
1419 3435 1518 3497 est
1561 3432 1724 3497 talia
1772 3431 2067 3514 exempla
2113 3454 2151 3495 a
2198 3431 2407 3497 Taciti
2454 3432 2711 3516 scriptis

266 3559 406 3601 esse
461 3537 703 3623 aliena,
756 3543 976 3604 tamen
1033 3539 1196 3603 aliae
1255 3560 1492 3623 eaeque
1549 3536 2021 3601 audacissimae
2089 3539 2335 3602 formae
2401 3543 2712 3623 tanquam

265 3645 480 3708 ultimi
526 3646 915 3711 insolentiae
952 3645 1114 3709 fines
1163 3644 1282 3709 soli
1319 3644 1543 3708 Tacito
1583 3641 2008 3709 vindicandae
2049 3648 2214 3708 sunt.
2288 3647 2505 3727 potest
2542 3646 2712 3709 enim

268 3752 705 3834 praedicatum
753 3774 891 3817 esse
940 3752 1133 3817 etiam
1177 3751 1567 3815 'adiectivum
1615 3750 1870 3834 generis
1909 3751 2199 3815 neutrius
2234 3750 2370 3814 vice
2416 3752 2713 3817 substan-

266 3858 386 3921 tivi
432 3858 736 3944 fungens,
791 3859 970 3923 velut
1015 3880 1162 3921 ann.
1208 3856 1398 3941 XIII,
1445 3857 1530 3921 26
1588 3877 1697 3920 nec
1734 3877 1922 3939 yrave
1965 3858 2363 3923 manumissis
2397 3879 2511 3938 per
2554 3860 2716 3923 idem

267 3964 613 4045 obsequium
676 3966 976 4037 retinendi
1040 3964 1373 4028 libertatem
1426 3983 1544 4044 per
1605 3964 1768 4042 quod
1827 3964 2089 4028 assecuti
2145 3968 2305 4027 sunt.
2321 3962 2371 4044 ¹)
2464 3963 2617 4047 XV,
2672 3964 2715 4029 5

281 4070 594 4153 Voloyaesi
627 4076 794 4136 vetus
828 4077 886 4136 et
906 4072 1159 4153 penitus
1192 4070 1458 4151 infixum
1491 4074 1626 4133 erat
1660 4088 1842 4135 arma
1868 4068 2161 4133 Romana
2196 4070 2451 4133 vitandi.
2521 4070 2713 4135 huius

273 4175 754 4241 consuetudinis
811 4176 1298 4249 similitudinem
1346 4174 1671 4258 quandam
1717 4175 2032 4258 praebent
2085 4175 2441 4239 locutiones
2491 4177 2713 4259 quales

267 4422 398 4475 dam
437 4422 626 4491 capita
661 4439 728 4477 ex
765 4421 1011 4491 genetivi
1057 4439 1161 4476 usu
1196 4421 1447 4491 Taciteo)
1486 4438 1583 4477 eae
1619 4424 1809 4491 partes
1827 4464 1840 4489 ,
1877 4420 1974 4475 ubi
2013 4420 2083 4473 de
2119 4420 2379 4488 gerundii
2418 4424 2477 4477 et
2511 4439 2713 4492 gerun-

267 4510 386 4564 divi
421 4510 687 4581 genetivo
724 4509 914 4581 agitur
948 4529 1003 4579 p.
1043 4515 1112 4565 56
1151 4528 1268 4580 squ.

407 4620 468 4687 1)
504 4617 588 4670 De
623 4617 732 4671 hoc
768 4617 894 4672 loeo
933 4618 1001 4673 cf.
1040 4617 1278 4686 append.
1317 4617 1440 4673 crit.

371 4726 538 4772 11:128,
565 4725 619 4765 de
648 4725 990 4773 participiorum
1019 4736 1116 4765 usu.
2255 4714 2287 4761 6
