3303 5235
589 321 673 385 68
1658 325 1841 394 Caput
1878 325 1973 380 ΙΙΙ.

589 485 674 548 48
726 485 998 549 tenebrae
1032 487 1286 568 insuper
1320 487 1576 551 delectae
1607 489 1955 571 auyendam
1991 489 2078 551 ad
2105 488 2523 567 formidinem.
2594 487 2707 570 IV,
2737 487 2827 553 54
2860 509 3074 553 secre-

593 595 724 655 tum
769 593 856 657 ad
885 594 1370 675 perpetrandum
1411 595 1645 675 quaeri.
1719 593 1799 679 V,
1835 598 1866 658 1
1880 596 1910 658 1
1961 599 2032 658 ut
2074 614 2313 677 scqnem
2358 593 2664 676 Requlum
2708 596 2798 658 ad
2838 596 3075 676 oppri-

589 699 837 763 mendos
872 697 1092 764 Seiani
1136 701 1453 766 ministros
1489 701 1725 782 oblique
1752 702 2219 782 perstrinxerat.
2285 699 2407 784 VI,
2445 700 2486 765 3
2532 702 2619 766 ad
2652 721 3069 784 corrumpen-

585 807 734 870 dum
779 807 1044 871 militiae
1097 827 1326 870 morem
1369 809 1750 891 propelleret.
1835 806 1957 891 VI,
2004 808 2090 872 46
2144 809 2232 871 ad
2282 807 2749 873 internoscenda
2805 809 3081 890 corpori

583 932 694 976 suo
739 913 941 977 utilia.
1024 912 1115 977 VI
1127 963 1144 996 ,
1193 912 1281 977 50
1334 915 1422 978 ad
1459 915 1761 995 capienda
1806 913 2051 994 imperii
2092 915 2467 996 primordia.
2541 913 2664 996 XI,
2712 915 2751 978 8
2808 916 2897 978 ad
2950 936 3075 979 ea:-

584 1019 840 1083 cidenda
875 1019 1261 1084 castellorum
1298 1021 1518 1084 ardua.
1584 1018 1776 1104 XIII,
1804 1020 1843 1084 8
1890 1021 1949 1084 si
1987 1021 2074 1084 ad
2116 1020 2503 1101 accipiendas
2538 1021 2742 1100 copias
2778 1019 3069 1086 Suriam

583 1125 936 1190 intravisset
978 1123 1256 1191 Corbulo.
1339 1122 1530 1207 XIII,
1559 1124 1598 1187 9
1647 1145 1772 1188 non
1806 1126 1995 1206 prius
2029 1146 2381 1190 conversum
2424 1146 2623 1207 reqem
2666 1126 2753 1190 ad
2786 1125 3071 1205 offeren-

583 1232 693 1296 dos
735 1233 980 1298 obsides.
1055 1231 1245 1315 XIII,
1292 1219 1384 1296 31
1424 1231 1511 1295 ad
1550 1232 1935 1295 retinen-dam
1970 1232 2193 1312 populi
2234 1232 2437 1313 sidem.
2524 1231 2715 1312 XIII,
2762 1233 2848 1296 38
2884 1254 3071 1314 pars

583 1339 655 1401 in
688 1339 1021 1420 planitiem
1061 1338 1492 1420 porriqebatur
1536 1338 1623 1400 ad
1664 1338 2063 1418 explicandas
2096 1338 2367 1419 equitum
2414 1343 2667 1402 turmas
2740 1337 2926 1423 XIII,
2954 1340 3062 1402 39

585 1445 672 1508 ad
716 1450 824 1508 tua
867 1444 1244 1526 defendenda
1288 1449 1529 1527 coqeret.
1617 1444 1795 1528 XIV,
1841 1444 1882 1508 5
1929 1444 2401 1509 convincendum
2448 1445 2535 1508 ad
2576 1444 2783 1509 scelus.
2866 1443 3063 1526 XIV,

587 1552 672 1614 36
712 1552 797 1615 ad
830 1552 1238 1633 intorquenda
1261 1552 1420 1634 pila.
1483 1549 1664 1634 XIV,
1685 1551 1767 1614 37
1808 1552 1893 1614 ad
1924 1551 2165 1632 reliqua
2202 1551 2342 1615 belli
2366 1552 2803 1632 perpetranda.
2864 1551 3062 1635 XIV,

587 1657 671 1720 39
719 1658 806 1720 ad
846 1660 1240 1739 spectandum
1293 1658 1673 1723 Britanniae
1716 1661 1964 1721 statum.
2048 1654 2227 1733 XIV,
2265 1656 2345 1720 51
2397 1658 2484 1721 ad
2524 1658 2844 1721 visendum
2889 1679 3060 1721 eum.

586 1762 730 1846 XV,
759 1763 802 1826 4
845 1765 933 1827 ad
964 1767 1372 1846 exsequendas
1407 1764 1762 1829 obsidiones.
1846 1762 1990 1846 XV,
2019 1763 2103 1827 53
2150 1765 2237 1826 ad
2268 1764 2629 1828 eliciendum
2664 1765 2834 1846 vulqi
2874 1763 3057 1844 favo·

587 1891 732 1934 rem.
808 1868 951 1953 XV,
980 1870 1065 1935 56
1113 1873 1199 1936 ad
1241 1892 1378 1936 eum
1415 1871 1897 1954 omn-imendum.
1972 1868 2115 1953 XV,
2153 1869 2237 1934 58
2284 1870 2604 1934 dicendam
2642 1871 2728 1934 ad
2768 1889 3052 1934 causam.

587 1976 730 2059 XV,
777 1976 863 2040 66
917 1978 1004 2040 ad
1043 1979 1432 2059 prodendum
1481 1976 1789 2040 Taenium
1833 1974 2093 2056 Rufum.
2185 1974 2363 2059 XVI,
2415 1976 2505 2038 14·
2552 1977 2639 2040 ad
2679 1976 3051 2040 eliciendam

586 2083 948 2164 cupidinem.
1021 2083 1210 2167 XVI,
1245 2085 1322 2148 19
1369 2103 1446 2147 ne
1489 2103 1634 2147 moa·
1672 2083 1818 2147 usui
1858 2086 2007 2146 esset
2042 2082 2128 2144 ad
2168 2080 2459 2160 facienda
2491 2083 2792 2162 pericula.
2869 2081 3053 2165 XVI,

590 2189 676 2252 22
731 2190 818 2252 ad
860 2190 1206 2254 coercendos
1257 2188 1550 2255 Silanum
1603 2195 1663 2254 et
1717 2189 2000 2254 Veterem.
2092 2186 2281 2271 XVI,
2328 2188 2416 2251 24
2480 2189 2567 2252 ad
2617 2191 3045 2272 excipiendum

575 2296 922 2378 principem
967 2298 1488 2378 spectandumque.
1572 2294 1758 2378 XVI,
1806 2296 1892 2359 32
1937 2295 2024 2359 ad
2066 2295 2533 2378 opprimendum
2578 2298 2869 2361 amicum.
2965 2299 3045 2361 ib.

585 2403 672 2465 ad
720 2405 1183 2485 exprimendam
1239 2405 1586 2487 imayinem.
1688 2403 1916 2466 histor.
1962 2400 2023 2484 Ι,
2076 2401 2154 2464 19
2221 2401 2400 2481 facili
2454 2403 2696 2466 civitate
2749 2404 2838 2466 ad
2892 2403 3049 2468 acci-

574 2508 812 2589 pienda
847 2511 1256 2592 credendaque
1291 2510 1502 2575 omnia
1537 2529 1715 2573 nova.
1786 2507 1844 2591 I,
1883 2507 1968 2571 25
2014 2507 2165 2570 data
2198 2509 2471 2588 pecunia
2505 2509 2592 2571 ad
2622 2513 3048 2591 pertemptan-

585 2616 694 2680 dos
717 2617 1006 2699 plurium
1042 2620 1300 2683 animos.
1375 2616 1432 2701 I,
1464 2615 1550 2681 34
1596 2616 1684 2679 ad
1716 2615 2087 2679 evocandum
2118 2613 2389 2680 Galbam
2428 2615 2590 2681 laeta
2633 2615 2798 2696 falso
2834 2617 3042 2697 ωτι-ἱρα-

585 2724 799 2787 verint.
892 2724 924 2787 I
937 2772 952 2801 ,
998 2724 1084 2789 35
1147 2725 1384 2805 insiqni
1446 2724 1659 2787 animo
1716 2724 1804 2786 ad
1864 2724 2250 2786 coercendam
2312 2723 2651 2787 militarem
2717 2722 3033 2786 licentiam.

587 2830 646 2911 I,
676 2829 761 2893 45
809 2831 895 2893 ad
923 2829 1372 2911 prohibendum
1416 2828 1622 2893 scelus.
1696 2828 1755 2911 I,
1784 2828 1869 2893 50
1916 2830 2004 2892 ad
2035 2828 2415 2909 perdendum
2460 2828 2807 2909 imperium.
2870 2826 2921 2905 I,
2952 2826 3037 2889 73

587 2937 673 3001 ad
721 2936 1144 3017 instiqandum
1197 2936 1268 2999 in
1325 2956 1510 3000 arma
1556 2934 1842 3001 Clodium
1887 2935 2198 3000 Macrum.
2273 2933 2322 3018 Ι,
2363 2935 2443 2998 77
2492 2935 2580 2999 ad
2612 2935 3046 3016 capessendam

576 3042 972 3124 principatus
1022 3042 1360 3122 fortunam.
1451 3042 1511 3127 I,
1558 3043 1638 3108 81
1708 3044 1795 3107 ad
1846 3043 2225 3125 mitiqandas
2277 3040 2549 3104 militum
2603 3041 2753 3105 iras.
2846 3040 2879 3104 Ι
2892 3091 2911 3125 ,
2958 3042 3047 3105 84

589 3150 786 3213 oratio
839 3150 926 3213 ad
963 3151 1464 3233 perstringendos
1515 3151 1977 3231 mulcendosque
2031 3148 2304 3212 militum
2358 3148 2619 3212 animos.
2710 3147 2742 3211 I
2756 3196 2772 3225 ,
2820 3147 2909 3212 85
2966 3149 3053 3211 ad

587 3256 794 3321 studia
826 3258 1115 3339 partium
1149 3258 1467 3323 noscenda.
1549 3256 1608 3339 Ι,
1646 3257 1729 3321 87
1779 3258 1865 3320 ad
1897 3255 2335 3321 observandam
2380 3254 2793 3318 honestiorum
2836 3254 3043 3335 fidem.

587 3360 650 3443 Ι,
697 3362 784 3425 90
829 3364 916 3427 ad
957 3365 1302 3447 implendas
1335 3364 1554 3445 populi
1600 3384 1796 3428 aures.
1880 3362 1973 3441 II,
2018 3363 2061 3426 4
2117 3361 2202 3425 ad
2255 3362 2604 3426 tolerandas
2647 3362 3043 3425 necessitates.

590 3467 656 3532 II
663 3519 680 3551 ,
729 3469 804 3531 11
855 3470 941 3531 ad
983 3470 1365 3551 occupandas
1401 3468 1568 3532 Padi
1611 3470 1801 3551 ripas.
1877 3467 1969 3553 ΙΙ,
2008 3470 2095 3534 84
2142 3470 2227 3532 ad
2268 3468 2623 3532 obtinendas
2668 3467 3042 3549 iniquitates

586 3574 673 3659 II,
699 3573 785 3639 85
831 3575 918 3638 ad
957 3576 1444 3657 interficiendum
1477 3576 1743 3640 Tettium
1770 3575 2116 3641 Iulianum.
2189 3572 2276 3658 ΙΙ,
2334 3574 2458 3637 100
2504 3574 2590 3637 ad
2625 3573 3045 3655 occupandam

589 3680 971 3745 Cremonam.
1037 3682 1120 3746 ib.
1167 3681 1403 3746 lubrica
1449 3682 1535 3745 ad
1577 3683 1943 3745 mutandam
1984 3683 2169 3765 fidem
2214 3682 2419 3746 classe.
2494 3678 2620 3763 ΙΙΙ,
2657 3679 2699 3743 5
2745 3678 3045 3745 Seoetilius

587 3786 774 3852 Felix
819 3835 834 3851 .
872 3835 887 3850 .
927 3838 940 3851 .
979 3838 994 3853 .
1049 3789 1135 3852 ad
1183 3787 1601 3869 occupandam
1656 3788 1863 3869 ripam
1911 3837 1924 3850 .
1962 3836 1977 3851 .
2015 3839 2028 3852 .
2069 3838 2081 3851 .
2138 3788 2381 3853 missus,
2462 3784 2588 3868 ΙΙΙ,
2635 3785 2675 3849 6
2733 3788 2821 3850 ad
2870 3788 3045 3849 inva-

588 3896 852 3959 dendam
906 3893 1186 3957 Italiam.
1285 3894 1370 3959 ib.
1436 3896 1522 3958 ad
1581 3896 1951 3958 mutandam
2012 3897 2194 3977 fidem
2252 3897 2536 3977 coqerent.
2636 3890 2763 3976 III,
2817 3893 2899 3957 10
2960 3894 3048 3956 ad

583 4002 902 4081 ferendam
965 4019 1134 4081 opem
1195 4002 1442 4065 nomine
1496 4002 1675 4066 ciens.
1757 4000 1882 4085 ΙΙΙ,
1944 4001 2026 4064 14
2080 4002 2166 4064 ad
2218 4000 2605 4063 obtinendam
2661 3997 3043 4064 Cremonam.

587 4107 714 4191 ΙΙΙ,
761 4108 847 4171 30
902 4107 989 4170 ad
1029 4108 1396 4171 mutandam
1439 4109 1640 4189 fidem.
1725 4106 1850 4191 ΙΠ,
1898 4108 1984 4171 32
2040 4109 2126 4171 ad
2177 4108 2606 4171 eoestruendum
2660 4106 3043 4187 amphithea-

591 4219 772 4277 trum.
853 4212 981 4295 ΙΙΙ,
1029 4212 1115 4276 54
1169 4215 1255 4277 ad
1305 4216 1464 4279 vires
1515 4215 1785 4279 hostium
1838 4215 2211 4297 spectandas.
2296 4211 2425 4295 ΙΙΙ,
2472 4211 2559 4277 55
2614 4212 2701 4274 ad
2752 4214 3045 4275 tuendam

588 4318 815 4383 urbem.
888 4316 1015 4401 III,
1065 4319 1149 4382 70
1194 4322 1280 4384 ad
1322 4322 1699 4402 decipiendos
1745 4325 1831 4384 tot
1873 4321 2141 4385 illustres
2184 4321 2363 4383 viros.
2448 4316 2575 4400 ΙΙΙ,
2614 4317 2699 4382 80
2746 4319 2835 4381 ad
2878 4323 3043 4381 tuen-

589 4428 735 4490 dam
778 4424 1006 4488 urbem.
1079 4425 1192 4509 IV,
1230 4427 1270 4490 3
1318 4428 1405 4492 ad
1445 4428 1921 4509 componendam
1968 4424 2396 4509 Campaniam.
2470 4424 2583 4502 IV,
2622 4424 2706 4488 28
2754 4424 2842 4487 ad
2882 4425 3043 4489 scin-

589 4532 852 4597 dendum
898 4532 1150 4596 vallum.
1235 4532 1348 4616 IV,
1395 4534 1477 4598 37
1537 4536 1623 4598 ad
1680 4534 2065 4599 liberandum
2110 4532 2491 4615 Moqontiaci
2537 4530 2855 4594 obsidium.
2928 4529 3043 4613 IV,

591 4639 675 4703 39
723 4638 810 4701 ad
851 4641 1284 4719 capessendam
1329 4640 1783 4721 rempublicam.
1876 4638 1987 4721 IV,
2034 4638 2115 4701 51
2176 4640 2262 4701 ad
2313 4638 2551 4718 reliqua
2596 4637 2847 4699 Iudaici
2899 4636 3042 4700 bell-i
