3303 5235
621 353 708 417 34
1698 354 1880 424 Caput
1914 355 1984 410 ΙΙ.

609 517 892 580 siendum
934 516 1096 581 nulli
1131 517 1361 580 aderat.
1433 514 1500 580 II
1511 566 1528 598 ,
1567 517 1648 581 67
1696 538 1805 580 nee
1841 515 2078 582 Planco
2117 519 2330 601 qratia
2374 519 2569 599 defuit
2603 520 2690 584 ad
2730 519 3083 601 impetran-

611 622 775 686 dum.
849 621 943 707 II,
984 623 1104 686 101
1155 624 1304 689 aliis
1335 624 1681 706 provinciis
1722 625 1810 688 ad
1848 625 2167 690 visendum
2212 625 2406 690 obitis.
2490 623 2643 690 Sall.
2692 623 2829 690 Cat.
2869 626 2987 708 26,
3027 627 3081 690 2

610 749 799 810 neque
841 729 940 794 illi
987 735 1190 794 tamen
1225 730 1313 794 ad
1343 731 1679 795 cavendnm
1714 731 1891 796 dolus
1925 736 2041 795 aut
2070 732 2337 796 astutiae
2371 733 2636 796 deerant.
2710 731 2827 813 52,
2862 732 2945 796 15
2984 734 3089 796 ad

609 837 1050 917 defendendum
1105 838 1370 902 minores
1434 858 1589 920 opes.
1682 836 1822 922 lug.
1874 837 1982 915 14,
2033 839 2068 901 7
2133 838 2192 902 si
2252 839 2341 902 ad
2390 839 2847 921 impetrandum
2900 838 3083 902 nihil

610 962 828 1006 causae
871 941 1167 1008 haberem.
1252 944 1366 1027 30,
1402 943 1443 1007 3
1490 943 1556 1008 G.
1596 943 1935 1008 Memmius
1981 992 1996 1007 .
2034 992 2049 1007 .
2090 993 2106 1008 .
2141 994 2155 1006 .
2200 944 2583 1008 contionibus
2626 945 2713 1008 ad
2742 946 3077 1009 vindican-

609 1049 758 1113 dum
792 1049 1048 1115 hortari.
1123 1051 1237 1132 59,
1281 1052 1312 1113 1
1353 1051 1728 1131 prinsquam
1763 1051 1850 1114 ad
1880 1051 2295 1132 pnynandum
2329 1052 2721 1132 eyrederetnr.
2792 1052 2942 1116 hist.
2983 1051 3078 1136 ΙΙ,

609 1156 723 1240 41,
770 1156 813 1221 4
872 1177 1064 1239 neque
1124 1177 1226 1239 eqo
1290 1156 1582 1221 callidam
1639 1156 2007 1236 facundiam
2072 1158 2327 1220 exorem.
2428 1155 2547 1240 IV,
2587 1158 2700 1241 61,
2751 1156 2832 1221 16
2895 1179 3078 1222 nunc

607 1283 827 1343 quaeso
891 1264 1206 1328 considera
1259 1263 1432 1327 nobis
1493 1263 1793 1344 oppressis
1845 1267 2058 1328 atrum
2126 1264 2464 1345 firmiorem
2518 1269 2573 1328 te
2625 1265 2713 1328 ad
2770 1266 3073 1330 resistun-

609 1371 758 1435 dum
803 1391 890 1434 an
933 1371 1120 1452 finem
1167 1369 1308 1434 belli
1348 1370 1634 1450 ficturum
1667 1373 1864 1452 putee.

1762 1601 1906 1678 ¹58.

649 1734 745 1789 De
793 1734 1122 1802 gerundio
1171 1735 1361 1804 quod
1404 1733 1748 1816 dependet
1792 1746 1833 1787 a
1875 1732 2297 1802 nominibus,
2342 1735 2720 1804 adjectivis,
2766 1735 3017 1792 verbis.

789 1867 883 1931 Ut
947 1867 1357 1932 substantiva
1421 1889 1499 1930 ex
1564 1867 2020 1952 substantiviS,
2083 1868 2442 1954 adiectivis,
2507 1870 2718 1934 verbis
2782 1870 3071 1954 pendere

608 1977 914 2058 possunt,
987 1975 1080 2039 ita
1145 1974 1341 2037 etiam
1404 1973 1821 2056 participium
1896 1971 2095 2037 futuri
2157 1975 2401 2058 passivi
2467 1976 2860 2042 substantivi
2925 1976 3071 2040 vice

609 2079 887 2165 fungens
925 2080 964 2146 i.
1003 2102 1056 2145 e.
1101 2079 1501 2166 gerundium.
1576 2101 1965 2164 quamquam
2002 2079 2068 2143 id
2107 2081 2521 2146 statuendum
2560 2085 2659 2146 est
2695 2082 3069 2168 discrimen,

611 2187 780 2273 quod
829 2207 1064 2272 genera
1117 2187 1407 2274 genetivi
1461 2186 1756 2271 gerundii
1807 2207 1942 2251 non
1997 2190 2134 2251 tam
2181 2188 2362 2252 varia
2418 2192 2597 2273 sunt,
2658 2211 2853 2274 quam
2914 2191 3069 2253 sub-

612 2294 893 2359 stantivi.
974 2295 1227 2379 patebit
1280 2294 1451 2359 enim
1499 2330 1582 2340 —
1638 2294 1705 2358 id
1764 2294 1934 2378 quod
1992 2314 2069 2358 ex
2124 2298 2359 2360 natura
2414 2295 2709 2381 gerundii
2765 2296 2913 2381 ipsa
2968 2298 3067 2361 in-

609 2402 938 2487 tellegitur
967 2439 1054 2450 —
1091 2401 1464 2486 genetivum
1503 2401 1893 2466 obiectivum
1934 2401 2292 2486 principem
2332 2407 2398 2468 et
2430 2404 2641 2469 solum
2676 2401 2808 2466 fere
2846 2404 3065 2467 locum

607 2510 843 2574 tenere.

1118 2632 1172 2686 Ι.
1210 2632 1299 2685 De
1338 2632 1617 2698 genetivo
1658 2632 1763 2699 qui
1800 2631 2022 2701 pendet
2056 2645 2093 2685 a
2130 2630 2547 2689 substantivis.

789 2740 1342 2818 Quemadmodum
1381 2736 1680 2825 genetivo
1719 2741 2066 2825 obiectiVO,
2111 2762 2238 2826 quo
2278 2742 2758 2806 substantivum
2796 2741 3068 2825 aliquod

610 2848 842 2931 utitur,
903 2848 1282 2931 designatur
1326 2868 1608 2930 persona
1656 2851 1771 2913 aut
1814 2869 1918 2913 res
1928 2897 1946 2931 ,
2002 2847 2082 2912 ad
2130 2870 2324 2932 quam
2372 2849 2852 2912 substantivum
2901 2848 3067 2912 illud

613 2958 856 3018 certam
895 2954 1218 3039 quandam
1255 2954 1386 3017 vim
1425 2954 1638 3039 affert,
1682 2955 1775 3019 ita
1812 2954 2109 3041 gerundii
2145 2955 2442 3041 genetivo
2484 2955 2804 3020 obiectivo
2843 2954 3069 3018 defini-

609 3064 718 3125 tur
775 3062 972 3145 acti0,
1035 3080 1198 3145 quae
1257 3060 1577 3125 obiectum
1632 3060 1802 3145 quod
1864 3060 2098 3125 dicitur
2151 3062 2325 3125 illius
2373 3061 2764 3127 substantivi
2812 3064 2931 3125 est.
2981 3097 3059 3107 —

609 3165 733 3231 Sed
781 3190 906 3252 quo
951 3166 1208 3231 facilius
1261 3167 1347 3232 sit
1391 3167 1727 3252 ingentem
1776 3167 2209 3250 exemplorum
2264 3190 2602 3232 numerum
2647 3164 3067 3252 perlustrare,

611 3277 788 3338 certa
845 3274 1157 3359 quaedam
1217 3294 1456 3359 genera
1511 3274 1908 3357 distinguere
1964 3294 2126 3355 opus
2185 3277 2299 3338 est.
2383 3278 2575 3359 atque
2631 3295 2778 3338 cum
2835 3295 3065 3338 omnes

611 3380 891 3465 genetivi
938 3381 1232 3467 gerundii
1281 3380 1361 3444 ad
1417 3380 1712 3445 verbales
1757 3379 2088 3464 notioneS,
2143 3402 2307 3463 quae
2363 3381 2433 3445 in
2481 3380 2909 3445 substantivis
2958 3403 3062 3444 ex-

611 3490 814 3572 stant,
869 3487 945 3553 de
993 3488 1224 3573 quibus
1271 3485 1556 3573 genetivi
1602 3486 1997 3571 dependent,
2053 3486 2340 3550 revocari
2395 3487 2679 3570 possint,
2748 3486 2862 3550 illa
2917 3487 3065 3571 ipsa

609 3594 928 3659 rationem
991 3595 1276 3659 indicare
1351 3594 1673 3678 videntur,
1747 3592 2099 3659 secundum
2168 3612 2362 3677 quam
2436 3595 2643 3657 totam
2719 3592 3059 3657 materiem

611 3699 1045 3784 disponamus

609 3914 685 3978 A.
743 3911 1089 3979 Genetivus
1125 3912 1359 3997 pendet
1395 3930 1434 3979 a
1470 3911 1908 3991 substantivo,
1947 3910 2128 3976 euius
2164 3910 2339 3975 notio
2377 3910 2661 3976 verbalis
2689 3911 3056 3993 genetivum

1658 4014 1996 4083 desiderat.

787 4162 890 4227 Ex
928 4161 1235 4229 Sallustio
1276 4167 1342 4227 et
1369 4162 1618 4229 Velleio
1666 4162 1933 4243 nullum,
1972 4181 2049 4223 ex
2078 4159 2301 4224 Tacito
2338 4182 2539 4225 unum
2576 4160 3051 4225 substantivum

608 4270 856 4353 pudor
912 4270 1040 4334 huc
1098 4269 1394 4354 pertinet.
1499 4269 1665 4334 sicut
1732 4269 1883 4332 hist.
1938 4266 1994 4351 I,
2056 4267 2137 4332 78
2206 4268 2335 4348 ipse
2386 4268 2458 4331 in
2515 4286 2803 4349 suspenso
2864 4268 3059 4330 tenuit

609 4516 883 4586 Exempla
929 4532 997 4571 ex
1043 4514 1264 4585 scriptis
1303 4513 1610 4586 Ciceronis,
1666 4513 1943 4583 Caesaris,
1989 4512 2251 4582 Vergilii,
2298 4512 2567 4581 Lucretii,
2616 4511 2789 4579 Livii,
2838 4509 3050 4577 Quinti·

608 4605 774 4671 liani,
820 4603 1045 4671 Iustini‚
1093 4604 1289 4672 Gellii,
1335 4606 1537 4674 quibus
1577 4603 1830 4661 omnibus
1874 4600 1978 4656 illa
2020 4600 2410 4670 interpretatio
2448 4600 2742 4670 probatur,
2790 4600 2945 4654 Kritz
2980 4600 3050 4654 ad

610 4694 745 4749 Sall.
783 4693 904 4763 Ing.
945 4700 1037 4760 62,
1077 4700 1110 4748 8
1147 4693 1394 4763 collegit.
