3303 5235
998 284 1081 336 De
1121 277 1528 350 significatione
1566 271 2009 344 participiorum.
2702 259 2735 320 7

275 460 490 540 primo
523 455 854 536 prudentes
893 496 909 510 .
937 497 950 510 .
981 497 995 510 .
1027 497 1039 509 .
1082 443 1317 525 fefellit.
1395 439 1426 504 I
1437 491 1454 524 ‚
1499 438 1585 502 49
1633 455 1779 500 mox
1823 435 2133 515 inyressus
2169 433 2374 494 castra
2412 425 2740 490 Germani-

287 585 392 628 cus
427 583 550 626 non
589 558 956 624 medicinam
992 552 1155 638 illud
1177 547 1478 633 plurimis
1513 564 1653 610 cum
1700 540 1975 605 lacrimis
2010 537 2117 602 sed
2149 535 2382 599 cladem
2420 531 2741 614 appellans

280 668 545 735 cremari
589 685 845 747 corpora
889 661 1068 725 iubet.
1151 657 1208 740 Ι,
1248 655 1328 720 51
1393 651 1623 718 Caesar
1666 651 1949 714 advectus
1994 645 2080 710 ad
2120 641 2561 707 vicensimanos
2608 657 2743 702 voce

280 796 514 858 mayna
551 824 564 837 .
597 823 610 836 .
641 823 654 836 .
685 823 698 836 .
745 765 1118 834 clamitabat.
1197 761 1257 846 Ι,
1305 761 1388 824 53
1436 758 1769 840 imperium
1812 755 2067 834 adeptus
2102 754 2398 814 extorrem
2444 745 2744 827 infamem

284 935 334 948 ..
355 932 370 945 .
387 880 666 964 peremit.
712 875 763 958 Ι,
780 875 864 939 56
895 874 1108 954 aperta
1128 867 1462 951 populatus
1481 864 1661 928 vertit
1686 862 1773 926 ad
1797 840 2097 923 Rhenum.
2144 854 2193 940 Ι,
2214 856 2296 920 67
2326 875 2505 936 equos
2532 853 2746 917 dehinc

285 1009 462 1054 orsus
505 1007 548 1050 a
603 985 735 1049 suis
797 983 1132 1063 leyatorum
1178 974 1679 1052 tribunorumque
1717 1017 1730 1032 .
1760 1017 1774 1032 .
1806 1017 1819 1030 .
1850 1016 1863 1029 .
1907 965 2247 1046 fortissimo
2302 963 2514 1043 cuique
2558 959 2741 1024 bella-

287 1096 408 1160 tori
454 1093 660 1157 tradit.
747 1089 805 1171 Ι,
855 1087 939 1150 ’70
990 1083 1236 1148 tandem
1291 1078 1573 1144 Vitellius
1618 1077 1689 1140 in
1734 1075 1993 1139 editiora
2037 1072 2245 1136 enisus
2288 1070 2491 1134 eodem
2528 1087 2745 1150 aymen

285 1200 592 1267 subduxit.
684 1195 742 1278 Ι,
794 1193 879 1258 74
912 1190 1257 1274 potentiam
1293 1236 1308 1252 .
1347 1235 1362 1251 .
1403 1236 1415 1250 .
1455 1235 1468 1248 .
1525 1184 1781 1265 adeptus
1833 1181 2000 1245 dedit
2052 1178 2393 1260 exemplum
2449 1176 2611 1257 quod
2652 1195 2739 1239 se-

293 1309 418 1372 cuti
457 1357 469 1370 .
513 1356 525 1369 .
570 1354 583 1367 .
623 1352 637 1367 .
683 1303 976 1364 invenere.
1067 1294 1126 1377 Ι,
1174 1295 1253 1358 81
1322 1291 1682 1356 candidatos
1739 1288 2017 1352 hortatus
2070 1305 2147 1349 ne
2200 1285 2436 1349 ambitu
2498 1282 2747 1346 comitia

294 1413 613 1478 turbarent
655 1426 836 1472 suam
882 1405 968 1468 ad
1001 1403 1070 1466 id
1103 1419 1318 1464 euram
1351 1397 1667 1479 pollicitus
1703 1400 1805 1459 est.
1869 1393 1962 1478 ΙΙ,
2001 1394 2039 1458 8
2086 1395 2399 1474 in9ressus
2430 1393 2746 1472 precatus·

292 1541 406 1602 que
440 1517 726 1582 Drusum
753 1515 997 1594 patrem
1032 1513 1104 1572 ut
1146 1528 1208 1571 se
1253 1504 1460 1570 eadem
1495 1523 1721 1568 ausum
1760 1552 1773 1565 .
1805 1552 1817 1565 .
1850 1551 1862 1565 .
1888 1479 2260 1583 pervehitur.
2334 1495 2428 1580 ΙΙ,
2444 1531 2453 1540 -
2472 1496 2551 1560 10
2588 1516 2746 1577 pau-

294 1609 472 1690 latim
533 1623 677 1686 inde
734 1619 821 1682 ad
880 1616 1090 1697 iuryia
1141 1612 1424 1695 prolapsi
1467 1631 1586 1692 quo
1649 1609 1861 1674 minus
1911 1626 2196 1689 pugnam
2252 1603 2623 1668 consererint
2672 1623 2749 1666 ne

290 1732 550 1814 flumine
613 1727 854 1810 quidem
919 1723 1224 1786 interiecto
1288 1717 1729 1784 cohibebantur.
1824 1712 1915 1798 ΙΙ,
1968 1714 2044 1776 11
2113 1712 2303 1776 coorti
2365 1715 2423 1774 et
2460 1711 2750 1791 'undique

290 1839 476 1920 effusi
519 1837 777 1900 trudunt
819 1829 1117 1894 adversos.
1190 1823 1284 1909 ΙΙ,
1328 1825 1406 1887 12
1462 1820 1693 1887 Caesar
1740 1826 2153 1904 trarisyressus
2211 1818 2527 1899 Visuryim
2580 1817 2746 1881 indi·

295 1947 386 2011 eio
419 1942 722 2026 perfugae
770 1935 1071 2020 coynoseit
1111 1933 1400 1997 delectum
1445 1931 1523 1994 ab
1569 1930 1863 1994 Arminio
1912 1929 2109 1993 locum
2147 1946 2410 2008 puynae.
2484 1924 2569 1988 ib.
2614 1945 2752 2006 suq-

300 2052 496 2135 9ressi
527 2048 834 2132 proprius
875 2041 1279 2123 speculatores
1317 2089 1330 2100 .
1363 2088 1374 2101 .
1408 2089 1420 2100 .
1451 2088 1464 2101 .
1511 2037 1783 2100 attulere.
1856 2034 1949 2117 Π,
1992 2034 2072 2096 13
2120 2037 2287 2098 nocte
2323 2035 2528 2112 coepta
2564 2051 2749 2111 cyres-

273 2180 411 2224 -sus
449 2208 462 2221 .
492 2206 508 2222 .
536 2207 550 2220 .
581 2206 594 2219 .
639 2151 876 2218 assistit
919 2145 1345 2212 tabernaculis.
1437 2143 1528 2227 ΙΙ,
1565 2144 1644 2206 14
1692 2142 1846 2206 vidit
1889 2161 1950 2205 se
1995 2143 2309 2222 operatum
2355 2143 2411 2202 et
2453 2137 2755 2219 sanquine

304 2265 470 2330 sacri
513 2281 787 2343 respersa
821 2258 1144 2339 praetexta
1178 2251 1595 2334 pulchriorem
1642 2249 1840 2313 aliam
1884 2247 2173 2310 manibus
2220 2246 2397 2309 aviae
2432 2244 2752 2326 Auyustae

300 2372 610 2454 accepisse.
703 2364 765 2429 Π
777 2415 794 2448 ,
841 2361 927 2426 25
991 2361 1109 2425 alii
1171 2360 1278 2441 qui
1338 2363 1505 2441 terya
1569 2355 1992 2437 circurnyressi
2055 2352 2428 2416 recluderent
2479 2350 2752 2414 humum.

299 2479 397 2563 ΙΙ,
445 2477 528 2541 28
576 2472 806 2539 Caesar
849 2467 1152 2532 indicium
1196 2465 1368 2529 haud
1409 2468 1775 2546 aspernatus
1821 2480 2173 2542 conqressus
2218 2459 2451 2522 abnuit.
2543 2457 2628 2539 ΙΙ,
2668 2457 2754 2521 30

301 2588 551 2652 domum
595 2582 900 2661 diyressus
955 2579 1254 2639 extremas
1297 2591 1504 2655 preces
1559 2621 1573 2635 .
1622 2621 1635 2634 .
1687 2620 1700 2635 .
1750 2620 1761 2633 .
1816 2567 2151 2633 mandavit.
2234 2564 2297 2630 ΙΙ
2309 2615 2327 2650 ,
2365 2565 2449 2629 33
2510 2563 2757 2630 Octavio

301 2695 617 2759 Frontone
632 2690 936 2773 praetura
959 2682 1192 2761 functo.
1245 2678 1331 2763 ΙΙ,
1359 2679 1447 2743 40
1477 2678 1617 2742 dein
1643 2678 1938 2760 speculati
1962 2680 2191 2740 noctem
2220 2674 2651 2738 incustoditam
2672 2723 2685 2736 .
2708 2722 2721 2735 .
2742 2719 2758 2736 .

305 2808 559 2867 traxere.
624 2795 708 2879 ΙΙ,
737 2794 822 2859 42
860 2809 968 2855 nec
1001 2789 1134 2851 ideo
1165 2772 1434 2851 sincerae
1460 2786 1743 2849 caritatis
1777 2784 1959 2866 fidem
1987 2786 2293 2847 assecutus
2324 2831 2336 2844 .
2369 2832 2381 2844 .
2413 2831 2425 2843 .
2456 2829 2469 2844 .
2507 2779 2759 2843 amoliri

304 2908 561 2975 studuit.
608 2902 690 2981 ΙΙ,
720 2902 804 2965 56
842 2897 1005 2980 quod
1030 2896 1085 2959 is
1101 2894 1320 2977 prima
1356 2893 1434 2956 ab
1461 2892 1739 2971 infantia
1774 2890 2061 2955 instituta
2096 2894 2154 2953 et
2179 2889 2408 2953 cultum
2435 2886 2759 2951 Armenio-

307 3038 453 3081 rum
499 3009 846 3077 aemulatus
894 3054 906 3068 .
947 3053 960 3066 .
1001 3052 1014 3064 .
1061 3000 1431 3064 devinaeerat.
1505 2996 1597 3081 ΙΙ,
1635 2997 1721 3061 60
1768 3017 1943 3061 orsus
1988 2997 2205 3079 oppido
2251 3016 2293 3059 a
2338 2993 2603 3076 Canopo.
2675 2991 2759 3075 ΙΙ,

311 3126 396 3187 66
442 3114 849 3197 Rhescuporis
886 3112 1047 3175 inter
1082 3111 1310 3169 metum
1346 3110 1402 3169 et
1437 3106 1602 3168 iram
1637 3108 1954 3168 cunctatus
1992 3104 2218 3168 maluit
2252 3153 2267 3168 .
2307 3153 2319 3167 .
2358 3152 2373 3167 .
2410 3121 2583 3165 reum
2622 3120 2759 3164 esse.

313 3228 412 3311 ΙΙ,
460 3226 543 3289 70
597 3244 702 3287 nec
745 3220 893 3285 Piso
949 3217 1226 3279 moratus
1279 3213 1448 3277 ultra
1496 3212 1675 3275 navis
1728 3211 1923 3275 solvit.
1998 3208 2120 3293 111,
2172 3208 2253 3273 15
2306 3227 2490 3273 saeva
2544 3210 2762 3271 cuncta

303 3351 633 3419 perpessus
687 3326 857 3393 nullo
909 3322 1109 3405 mayis
1153 3319 1480 3384 exterritus
1526 3322 1627 3382 est.
1712 3315 1839 3399 ΙΙΙ,
1892 3317 1972 3381 19
2028 3316 2280 3381 Drusus
2325 3334 2593 3397 eyressus
2641 3364 2653 3377 .
2693 3363 2707 3377 .
2746 3364 2761 3379 .

312 3441 544 3507 introit.
617 3434 741 3519 ΠΙ,
781 3432 864 3496 23
917 3429 1148 3511 Lepida
1195 3478 1210 3492 .
1250 3476 1264 3490 .
1305 3475 1317 3488 .
1366 3423 1673 3488 theatrum
1712 3425 1986 3506 inyressa
2024 3474 2037 3488 .
2078 3475 2089 3487 .
2132 3473 2145 3487 .
2186 3473 2200 3487 .
2247 3426 2489 3485 tantum
2524 3422 2759 3485 miseri-

315 3548 558 3615 cordiae
593 3539 910 3626 permovit.
979 3532 1105 3614 III,
1144 3533 1226 3596 31
1265 3552 1474 3613 parva
1517 3551 1612 3597 res
1658 3551 1953 3612 maynum
1990 3532 2076 3594 ad
2108 3534 2406 3594 certamen
2434 3548 2764 3610 proyressa

314 3654 612 3739 praebuit.
685 3647 814 3729 ΙΙΙ,
850 3645 936 3709 32
983 3641 1146 3723 quod
1179 3640 1431 3702 initium
1470 3688 1484 3702 .
1524 3689 1537 3701 .
1576 3688 1590 3702 .
1637 3639 1923 3720 aquandi
1960 3689 1973 3701 .
2012 3688 2026 3703 .
2066 3688 2080 3701 .
2127 3638 2255 3702 odii
2288 3640 2552 3699 nanctus
2591 3686 2602 3698 .
2642 3686 2656 3699 .
2697 3686 2709 3699 .
2748 3685 2763 3700 .

319 3759 638 3828 incusavit.
720 3753 845 3836 ΙΙΙ,
891 3751 976 3813 42
1041 3747 1274 3811 Florus
1328 3746 1576 3809 incertis
1643 3746 1891 3810 latebris
1953 3747 2204 3810 victores
2254 3744 2595 3823 frustratus
2641 3792 2655 3805 .
2696 3792 2709 3805 .
2751 3792 2764 3804 .

319 3890 430 3936 suo
466 3886 659 3931 manu
696 3860 919 3927 cecidit.
983 3852 1100 3936 ΙΙΙ,
1137 3853 1222 3916 68
1265 3853 1364 3916 ille
1399 3852 1664 3915 multum
1692 3854 2018 3937 praefatus
2056 3904 2069 3916 .
2107 3903 2121 3917 .
2162 3903 2174 3915 .
2212 3850 2459 3914 censuit.
2523 3847 2639 3931 ΙΙΙ,
2681 3849 2765 3912 74

324 3975 603 4041 Tiberius
636 3990 756 4053 pro
803 3963 1064 4043 confecto
1109 3960 1543 4039 interpretatus
1589 3960 1659 4023 id
1700 3980 1931 4041 quoque
1976 3958 2206 4023 Blaeso
2254 3956 2483 4021 tribuit.
2561 3953 2685 4038 IV,
2726 3957 2764 4020 8
2838 4004 2851 4017 .

265 4090 268 4095 ’
322 4082 542 4167 eyressi
596 4074 870 4143 eonsules
921 4070 1202 4151 firmatos
1255 4065 1522 4147 alloquio
1570 4114 1584 4128 .
1623 4115 1637 4129 .
1680 4117 1691 4130 .
1734 4116 1745 4128 .
1801 4069 2096 4129 statuunt.
2179 4062 2301 4141 IV,
2350 4061 2435 4126 35
2501 4082 2767 4145 eyrcssus

319 4191 460 4255 dein
513 4188 730 4251 senatu
783 4179 976 4243 vitam
1038 4171 1408 4235 abstinentia
1459 4172 1679 4253 finivit.
1761 4170 1876 4249 IV,
1923 4172 2008 4235 36
2066 4170 2347 4234 Drusum
2402 4169 2769 4251 auspicandi

314 4296 527 4380 qratia
583 4286 858 4356 tribunal
906 4284 1249 4362 inyressum
1305 4278 1544 4342 adierit.
1617 4277 1733 4362 IV,
1779 4278 1866 4341 45
1922 4298 1995 4341 ex
2047 4278 2375 4360 improviso
2430 4277 2501 4340 in
2554 4276 2769 4339 itinere

324 4405 577 4468 adortus
629 4417 754 4461 uno
809 4390 1054 4456 vulnere
1108 4385 1179 4447 in
1232 4388 1485 4447 mortem
1541 4384 1762 4464 affecit.
1860 4384 1976 4466 IV,
2024 4383 2103 4448 51
2160 4384 2414 4465 quidam
2458 4382 2673 4463 pontis
2717 4386 2773 4445 et

324 4510 522 4575 scalas
568 4512 711 4572 ante
766 4500 1060 4584 fabricati
1110 4488 1343 4570 inferre
1375 4491 1864 4572 propuynaeulis
1907 4511 2091 4573 eaque
2125 4510 2439 4571 prensare.
2522 4486 2637 4570 IV,
2684 4486 2767 4551 57

324 4637 702 4699 quamquam
753 4619 987 4680 secutus
1029 4613 1340 4696 plurimos
1393 4601 1717 4661 auctorum
1764 4653 1777 4665 .
1816 4651 1829 4663 .
1871 4652 1883 4664 .
1922 4652 1938 4666 .
1984 4598 2183 4662 retuli.
2274 4594 2395 4678 VI,
2442 4597 2471 4658 1
2522 4595 2592 4658 in
2626 4614 2772 4675 pro-
