3303 5235
954 329 1036 383 De
1072 328 1494 400 participiorum
1530 332 1733 384 natura.
1769 330 1997 414 verbali.
2579 331 2705 395 123

256 493 396 572 sum
431 492 744 556 Faenium
783 493 1149 556 imminuere
1185 492 1574 575 Ayrimiinae
1610 494 1957 557 amicitiam
2003 494 2073 558 in
2108 516 2175 558 eo
2219 494 2711 559 criminantibus,

259 597 402 682 XV,
431 598 512 663 51
563 600 810 664 interim
849 599 1275 664 cunctantibus
1301 600 1876 681 prolatantibusque
1925 621 2090 680 spem
2126 622 2200 665 ac
2234 607 2479 666 metum.
2565 600 2713 685 XII,

257 705 344 768 40
391 705 499 770 illo
544 709 799 788 auyente
833 707 1068 770 audita.
1153 704 1335 789 XIII,
1363 707 1449 770 49
1494 708 1800 771 ratio-nem
1830 708 2212 788 poscentibus
2246 709 2484 774 amicis.
2557 707 2708 773 hist.

254 811 312 892 I,
359 811 446 874 44
494 813 773 875 certatim
819 813 1256 878 ostentantibus
1301 819 1584 878 cruentas
1628 833 1854 878 manus
1897 815 2007 895 qui
2050 815 2410 880 occiderant.
2491 813 2556 877 ΙΙ
2569 864 2586 897 ,
2624 814 2711 879 25

254 922 426 999 terya
471 918 833 982 vertentibus
890 917 1253 985 Vitellianis.
1338 919 1428 1003 II,
1474 920 1559 984 48
1595 924 1877 1002 poscente
1914 921 2219 1002 proelium
2264 923 2544 986 exercitu.
2627 919 2710 1003 II,

253 1023 342 1088 85
391 1024 676 1088 laceratis
718 1024 958 1090 vexillis
1001 1047 1223 1091 nornen
1272 1026 1502 1092 Vitellii
1535 1028 2083 1107 praetereuntibus.
2167 1027 2293 1110 111,
2333 1029 2414 1092 21
2463 1030 2533 1093 id
2573 1048 2711 1091 vero

249 1125 433 1213 aeyre
480 1133 770 1196 tolerante
815 1131 1027 1197 milite.
1109 1132 1236 1216 ΙΙΙ,
1275 1133 1360 1197 56
1407 1154 1552 1196 vera
1595 1134 1870 1198 dicturis,
1950 1132 2081 1217 III,
2121 1133 2204 1198 58
2251 1135 2439 1198 etiam
2486 1133 2711 1198 liberti-

245 1239 356 1302 nis
391 1239 554 1302 idem
590 1259 819 1303 munus
853 1239 1017 1304 ultro
1053 1241 1495 1323 flayitantibus.
1577 1237 1705 1324 III,
1736 1240 1821 1304 80
1868 1246 2235 1322 aspernante
2278 1241 2474 1305 milite
2510 1241 2711 1305 condi-

243 1345 454 1409 ciones
503 1346 692 1426 pacis.
785 1345 899 1429 IV,
952 1347 1030 1411 13
1095 1348 1418 1430 flayitante
1476 1347 1850 1429 stimolicium
1912 1349 2043 1412 eius
2098 1349 2375 1412 exercitii.
2475 1345 2588 1429 IV,
2627 1346 2714 1411 25

241 1451 417 1515 exim
462 1471 755 1516 consensu
809 1454 1018 1518 ducem
1077 1453 1367 1518 Voculam
1409 1452 1799 1535 poscentibus
1843 1452 2114 1517 Flaccus
2158 1474 2467 1518 summam
2522 1454 2612 1518 rei
2656 1455 2713 1517 ei

231 1558 550 1639 permisit.
632 1556 752 1641 IV,
786 1559 867 1623 27
916 1561 1101 1625 donec
1144 1561 1400 1625 exitium
1445 1560 1879 1624 minitantibus
1924 1562 2250 1624 exterritus
2294 1561 2519 1625 obiecit.
2593 1558 2707 1644 IV,

241 1664 338 1730 35
396 1665 622 1749 duplex
672 1664 818 1729 hinc
869 1667 1085 1731 seditio
1147 1666 1296 1731 aliis
1347 1666 1767 1730 revocantibus
1825 1665 2117 1731 Voculam
2175 1666 2325 1732 aliis
2386 1668 2586 1731 redire
2640 1667 2710 1730 in

238 1777 458 1838 castra
512 1771 931 1838 abnuentibus.
1029 1772 1144 1854 IV,
1191 1771 1274 1835 37
1343 1772 1423 1835 iis
1484 1772 1592 1852 qui
1654 1792 1686 1834 e
1748 1772 2165 1852 superioribus
2226 1777 2408 1836 erant
2456 1793 2709 1837 causam

239 1899 432 1943 suam
477 1879 960 1944 dissociantibus.
1033 1877 1147 1963 IV,
1185 1879 1270 1943 38
1318 1899 1415 1942 res
1459 1899 1650 1942 novas
1694 1879 1975 1943 moliente
2022 1879 2097 1942 L.
2144 1878 2384 1943 Pisone.
2467 1877 2583 1962 IV,
2621 1878 2705 1942 69

244 1987 399 2050 aliis
458 1986 706 2066 foedera
759 1986 1123 2067 quibusdam
1155 2006 1324 2066 -opes
1389 1986 1663 2067 viresque
1718 1989 1831 2049 aut
1882 1991 2233 2050 vetustatem
2288 1987 2549 2068 crimnis
2596 2006 2710 2068 per

247 2094 462 2175 iuryia
497 2092 884 2156 iactantibus.
959 2090 1038 2174 V,
1067 2093 1110 2154 4
1133 2093 1460 2174 principia
1495 2094 1810 2175 reliyionis
1846 2093 2223 2157 tradentibus
2258 2093 2487 2158 Idaeis.
2544 2093 2593 2176 Ι,
2624 2094 2708 2157 66

247 2202 390 2282 ipsa
434 2200 729 2264 itinerum
763 2199 971 2280 spatia
1006 2204 1064 2263 et
1104 2200 1468 2264 stativorum
1505 2201 1842 2263 mutatione
1877 2199 2257 2262 vendidande
2300 2200 2463 2262 deice.
2540 2198 2585 2280 l,
2618 2200 2705 2263 82

249 2307 566 2372 licentiam
609 2308 682 2371 in
719 2326 925 2370 omnes
959 2305 1358 2388 poscentibus.
1443 2304 1599 2390 Agr.
1641 2306 1677 2369 7
1726 2307 1939 2369 iuvene
1972 2307 2305 2369 admodum
2342 2304 2708 2370 Domitiano

250 2419 308 2478 et
363 2463 378 2476 .
417 2463 432 2480 .
473 2461 488 2477 .
527 2463 543 2478 .
603 2415 916 2484 licentiam
970 2417 1323 2495 usurpante.
1415 2411 1580 2482 Vell.
1626 2413 1720 2496 ΙΙ,
1768 2413 1808 2476 2
1872 2411 2155 2477 omnibus
2216 2417 2445 2476 statum
2500 2432 2709 2476 concu-

254 2521 634 2600 piscentibus.
707 2519 799 2603 II,
847 2520 889 2583 5
942 2520 1311 2601 facientibus
1357 2520 1637 2585 omnibus
1682 2521 1753 2583 in
1786 2521 2107 2602 procinctu
2164 2524 2538 2583 testamenta.
2623 2518 2710 2602 ΙΙ,

265 2628 350 2691 64
401 2629 768 2709 relinquente
821 2649 959 2691 eum
1004 2629 1284 2693 exercitu.
1395 2625 1657 2691 Sallust.
1706 2624 1895 2691 Catil.
1942 2629 2058 2710 41,
2106 2627 2147 2691 3
2206 2626 2353 2691 haec
2407 2627 2534 2691 illis
2586 2627 2709 2690 vol-

256 2735 533 2799 ventibus
579 2736 825 2799 tandem
869 2735 1016 2799 vicit
1054 2735 1313 2815 fortuma
1356 2736 1448 2799 rei
1481 2734 1783 2816 publicae.

438 2838 717 2925 Cognitu
766 2840 970 2905 multo
1022 2840 1347 2925 digniores
1407 2841 1455 2905 ii
1509 2840 1635 2905 loci
1694 2844 1874 2926 sunt,
1930 2840 2043 2905 ubi
2081 2863 2225 2905 cum
2266 2840 2552 2906 ablativo
2592 2840 2701 2904 ab·

249 2947 472 3011 soluto
509 2946 779 3030 perfecti
815 2948 1124 3030 temporis
1164 2948 1506 3012 verborum
1535 2947 1994 3030 deponentium
2026 2949 2427 3012 accusativus
2470 2947 2707 3011 obiecti

246 3053 564 3137 iungitur.
644 3054 777 3118 iam
825 3077 1018 3138 supra
1063 3054 1231 3118 enim
1285 3053 1560 3117 diximus
1610 3049 1989 3117 Ciceronem
2028 3053 2371 3118 Caesarem
2420 3055 2710 3137 aliosque

246 3181 520 3244 prorsus
558 3162 878 3244 respuisse
917 3162 1083 3225 hanc
1130 3161 1475 3225 licentiam.
1551 3161 1725 3223 velut
1772 3159 1919 3224 Tac.
1956 3181 2103 3223 ann.
2141 3159 2330 3242 XIII,
2367 3160 2453 3224 43
2498 3160 2707 3241 filium

249 3269 387 3331 eius
434 3267 836 3332 Nerullinum
889 3271 1186 3351 ayyressis
1231 3267 1705 3333 accusatoribus.
1780 3265 1906 3330 XII
1920 3316 1937 3349 ,
1983 3266 2069 3330 32
2126 3287 2253 3331 non
2297 3267 2471 3330 ausis
2514 3267 2710 3331 aciem

247 3374 544 3439 hostibus.
617 3372 737 3457 VI,
782 3376 857 3439 17
906 3377 1143 3457 copiam
1179 3375 1474 3438 vendendi
1509 3379 1713 3438 secuta
1756 3374 2005 3437 vilitate.
2078 3370 2198 3454 XI,
2236 3371 2324 3436 25
2369 3372 2707 3437 orationem

237 3482 584 3562 principiis
627 3486 823 3546 secuto
852 3488 1114 3563 patrum
1151 3482 1439 3547 consulto.
1520 3480 1612 3564 ΙΙ,
1656 3481 1730 3544 11
1784 3485 2160 3562 transyresso
2194 3478 2390 3561 Alpes
2426 3478 2708 3545 Caecina.

247 3587 340 3671 II,
368 3586 456 3651 45
492 3608 618 3651 non
654 3590 828 3653 ausis
855 3588 1106 3652 ducibus
1132 3589 1339 3653 eadem
1367 3588 1464 3651 die
1491 3587 2005 3669 oppuynationem
2032 3590 2391 3650 castrorum.
2447 3584 2709 3652 Sallust.

250 3694 396 3778 Iug.
450 3694 603 3777 103,
653 3694 687 3757 7
745 3693 928 3758 Sulla
972 3696 1184 3758 omnia
1215 3694 1509 3776 pollicito,

367 3921 442 4010 b)
499 3922 606 3989 De
655 3920 1416 3990 ablativo'absoluto
1464 3890 1853 4009 dependet
1898 3925 2385 3988 aecusativus
2434 3947 2597 3988 cum

546 4029 952 4095 infinitivo
1001 4030 1130 4115 qui
1177 4031 1461 4095 dicitur
1507 4035 1638 4095 aut
1686 4033 1897 4095 solus
1944 4030 2421 4095 infinitivus

440 4190 586 4255 Tae.
642 4190 794 4255 hist.
849 4190 940 4275 ΙΙ,
987 4192 1073 4256 54
1137 4192 1511 4259 credentibus
1578 4188 1947 4255 Othonianis
2010 4191 2312 4257 militibus
2374 4212 2520 4255 vera
2586 4212 2710 4256 esse

258 4318 419 4379 quae
462 4297 896 4377 afferebantur.
966 4297 1080 4381 IV,
1118 4300 1159 4363 3
1205 4300 1392 4363 etiam
1435 4298 1653 4369 mediis
1686 4301 1947 4377 patrum
1992 4298 2409 4368 annitentibus
2454 4301 2710 4363 retinere

260 4425 508 4469 morem.
590 4402 706 4487 IV,
750 4405 836 4468 34
891 4405 1122 4469 credita
1164 4426 1282 4486 per
1335 4408 1660 4484 utrumque
1713 4404 2036 4467 exercitum
2087 4403 2267 4483 fama
2319 4405 2709 4471 vulneratum

260 4515 377 4574 aut
418 4511 817 4591 interfectum.
1207 4500 1216 4509 ’
