3303 5235
971 379 1056 432 De
1093 379 1380 449 participii
1414 380 1616 434 natura
1649 378 1940 435 nominali.
2587 382 2673 445 35

225 545 474 610 vetandi
516 548 680 608 metu
723 543 816 606 vel
849 543 1216 624 aynoscendi
1247 541 1503 624 pudore.
1578 542 1668 626 ΙΙ,
1707 541 1792 606 53
1838 542 1983 608 hinc
2026 543 2359 608 admiratio
2394 549 2452 608 et
2482 545 2679 625 plura

227 651 648 734 interroyandi
701 651 909 732 pudor
961 654 1141 731 atque
1195 651 1473 714 omnium
1525 650 1729 713 animi
1791 650 1861 713 in
1927 649 2240 714 Vitellium
2292 651 2677 717 inclinavere.

229 757 654 822 substantivis
711 757 1068 842 pigritia,
1128 756 1641 839 impudentia,
1695 755 2062 840 taedium,
2128 778 2398 840 quorum
2456 758 2679 823 eadem

224 847 391 929 ratio
439 867 566 947 est,
613 861 879 929 Tacitus
926 864 996 927 in
1041 863 1165 927 hac
1215 865 1538 927 structura
1585 863 1921 927 abstinuit.
1998 863 2167 948 apud
2216 865 2375 930 alios
2415 866 2680 949 scripto-

225 992 330 1033 res
377 971 813 1034 inveniuntur.
829 966 878 1053 1>

351 1147 418 1212 Β.
489 1146 834 1213 Genetivus
882 1143 1191 1229 dependet
1236 1163 1275 1211 a
1321 1146 1732 1212 substantivo
1748 1193 1763 1221 ,
1812 1146 1993 1212 cuius
2038 1148 2215 1214 notio
2261 1148 2548 1215 verbalis

1117 1251 1407 1319 dativum
1454 1250 1793 1318 desiderat.
1868 1301 1875 1305 -

403 1395 616 1461 Huius
668 1397 920 1481 generis
957 1394 1244 1461 Velleius
1291 1397 1541 1460 nullum
1588 1397 1949 1479 exemplum
1995 1399 2289 1483 praebet,
2337 1397 2681 1465 Sallustius

229 1525 434 1568 unum
471 1503 610 1588 Iug.
647 1503 750 1587 93,
780 1504 822 1568 2
858 1504 1061 1569 studio
1099 1504 1361 1586 leyundi.
1418 1502 1628 1567 Taciti
1668 1503 1792 1567 duo
1833 1504 1985 1565 sunt
2013 1524 2159 1568 ann.
2189 1505 2303 1591 IV,
2336 1506 2417 1570 16
2455 1508 2683 1572 omissa

238 1611 675 1691 confarreandi
710 1611 1114 1676 assuetudine.
1178 1611 1330 1675 hist.
1360 1609 1472 1694 IV,
1509 1611 1588 1674 12
1631 1609 1960 1691 praecipuo
1996 1612 2195 1675 nandi
2228 1614 2447 1677 studio.
2512 1613 2687 1679 locos

239 1721 477 1800 autem,
534 1717 643 1782 ubi
693 1718 1103 1782 substantiva
1147 1717 1621 1802 praesidium
1670 1713 1736 1780 et
1782 1718 2257 1783 consuetudo
2306 1721 2449 1783 cum
2498 1740 2685 1804 gene-

231 1824 366 1888 tivo
414 1824 709 1909 gerundii
747 1825 1256 1908 coniunguntur,
1303 1845 1436 1888 non
1480 1823 1865 1887 invenimus.
1942 1821 2273 1889 Ciceronis
2323 1826 2685 1909 complures

232 1933 384 1996 sunt
449 1932 620 1996 sicut
675 1931 784 1995 fin.
839 1931 895 2016 Ι,
948 1931 1055 2014 10,
1102 1929 1188 1994 35
1257 1930 1411 2012 quid
1470 1949 1544 1994 ex
1605 1949 1672 1993 eo
1726 1918 1823 1995 vest
1874 1931 2265 1996 consecutus?
2337 1931 2579 1996 laudem
2632 1937 2691 1996 et

233 2039 553 2102 caritatem
597 2059 753 2121 quae
795 2043 944 2102 sunt
985 2037 1146 2100 vitae
1199 2038 1332 2101 sine
1375 2041 1538 2101 metu
1583 2037 1883 2119 degendae
1925 2039 2249 2119 praesidia
2302 2039 2684 2119 firmissima.

233 2143 427 2208 Rose.
468 2145 682 2208 Amer.
727 2143 790 2228 1,
828 2144 871 2208 3
919 2149 1046 2208 tam
1091 2145 1204 2208 etsi
1247 2165 1374 2209 non
1418 2145 1594 2208 modo
1639 2144 1992 2226 iynoscendi
2036 2144 2199 2208 ratio
2244 2165 2454 2209 verum
2500 2146 2685 2210 etiam
2738 2153 2769 2168 “

239 2252 626 2333 coynoscendi
669 2252 1033 2317 consuetudo
1079 2252 1210 2316 iam
1255 2253 1328 2316 de
1372 2252 1612 2316 civitate
1656 2251 1901 2316 sublata
1938 2256 2039 2316 cst.

309 2447 372 2511 G.
437 2444 786 2511 Genetivus
830 2443 1063 2528 pendet
1108 2462 1147 2510 a
1193 2445 1632 2520 substantivo,
1684 2446 1864 2511 cuius
1910 2446 2086 2511 notio
2134 2445 2417 2542 verbalis
2465 2463 2603 2511 cum

850 2552 1138 2619 ablativo
1187 2569 1339 2620 casu
1385 2553 1586 2635 vulgo
1635 2552 2065 2637 coniungitur.

415 2681 845 2780 Quaecunque
937 2696 1016 2760 ad
1090 2697 1261 2761 hunc
1345 2718 1531 2761 usum
1611 2698 1937 2781 pertinent
2025 2696 2431 2762 substantiva
2513 2696 2680 2779 apud

235 2802 560 2868 Velleium
608 2806 676 2866 et
710 2802 1003 2868 Tacitum
1051 2804 1494 2889 inveniuntur,
1538 2805 1789 2869 nullum
1838 2804 2008 2888 apud
2057 2803 2453 2869 Sallustium.
2528 2808 2682 2868 sunt

237 2912 479 2973 autem:
565 2910 844 2996 glor-ia,
916 2933 1124 2995 usus,
1187 2910 1502 2994 fiducia,
1572 2910 1789 2975 fides.
1909 2911 2076 2976 Vell.
2130 2910 2220 2995 H,
2268 2910 2380 2995 58,
2428 2911 2467 2975 3
2543 2911 2677 2975 An-

236 3018 440 3081 tonius
501 3022 818 3081 convocato
879 3024 1096 3083 senatu
1148 3018 1310 3083 velut
1363 3018 1543 3101 pacis
1597 3021 1811 3082 auctor
1870 3016 2084 3081 liberos
2136 3037 2279 3081 suos
2333 3018 2582 3083 obsides·
2620 3020 2691 3084 in

241 3121 615 3203 Capitolium
668 3125 842 3187 misit
893 3125 1190 3207 fidemque
1243 3123 1632 3189 descendendi
1693 3128 1819 3187 tuto
1873 3122 2359 3203 interfectoribus
2406 3121 2691 3189 Caesaris

243 3228 420 3291 dedit.
503 3228 646 3295 Tac.
693 3251 838 3294 ann.
878 3230 1068 3313 XHI,
1107 3230 1191 3295 39
1239 3232 1400 3295 unde
1443 3237 1586 3295 arta
1628 3230 1862 3313 fiducia
1907 3236 2092 3313 caput
2126 3231 2327 3313 ‚qentis
2367 3230 2686 3295 Artaxata

240 3336 644 3417 aqyrcdiendi.
715 3339 867 3402 hist.
913 3337 994 3423 V,
1041 3339 1127 3402 20
1181 3359 1288 3403 nec
1333 3340 1544 3404 omnia
1576 3337 1884 3422 patrandi
1926 3337 2175 3419 fiducia.

342 3530 416 3596 D.
476 3530 823 3598 Genetivus
868 3531 1102 3616 pendet
1147 3551 1186 3599 a
1231 3533 1689 3607 substantivis,
1739 3532 1968 3613 quibus
2014 3531 2215 3596 insita
2260 3532 2361 3596 est
2404 3531 2580 3597 notio

877 3639 1162 3705 verbalis
1208 3639 1542 3724 postulans
1589 3638 2048 3705 accusativum.

558 3773 619 3837 a)
669 3772 853 3841 apud
900 3774 1242 3830 Tacitum:

416 3886 589 3951 Ann.
634 3886 667 3951 I
677 3938 696 3972 ,
743 3888 828 3952 60
895 3890 1088 3971 iyitur
1141 3890 1356 3971 cupido
1413 3888 1737 3955 Caesarem
1790 3889 2033 3953 invadit
2082 3890 2351 3954 solvendi
2404 3909 2691 3971 suprema

234 3990 540 4056 militibus
594 3992 863 4074 claaecique.
937 3992 998 4077 Ι,
1047 3994 1127 4058 77
1188 3997 1590 4077 spectantium
1625 3996 2092 4071 *immodestiam
2144 3996 2327 4060 exilio
2382 3995 2692 4060 multandi

223 4102 499 4179 potestas
533 4099 924 4180 praetoribus
967 4100 1151 4181 fieret.
1223 4101 1317 4185 ΙΙ,
1357 4102 1442 4166 62
1489 4103 1707 4185 cupido
1753 4101 2017 4184 auyendi
2050 4102 2401 4183 pecuniam.
2474 4101 2566 4187 Π,
2604 4102 2687 4166 47

232 4224 430 4287 neque
466 4254 479 4267 .
510 4254 523 4267 .
553 4254 566 4268 .
598 4253 612 4267 .
649 4204 948 4288 effuyium
983 4206 1368 4272 subveniebat
1402 4209 1471 4273 in
1508 4213 1725 4290 aperta
1748 4208 2214 4294 prorumpendi.
2282 4207 2367 4293 ΙΙ,
2405 4208 2491 4273 54
2529 4209 2692 4292 cupi-

235 4310 378 4375 dine
411 4316 630 4375 veteres
669 4311 824 4376 locos
859 4322 914 4377 et
943 4313 1126 4393 fama
1161 4314 1482 4379 celebratos
1516 4316 1819 4379 noscendi.
1884 4314 1982 4379 III
1992 4365 2011 4400 ,
2050 4316 2131 4378 27
2178 4314 2423 4379 licentia
2457 4337 2693 4398 quoquo

236 4417 453 4481 vellent
488 4417 790 4499 populum
833 4421 1132 4503 ayitandi.
1206 4419 1304 4485 III
1319 4471 1337 4505 ‚
1385 4421 1472 4486 46
1517 4426 1925 4504 praesumpta
1966 4442 2100 4504 spes
2143 4420 2434 4487 hortandi
2476 4442 2695 4488 causas

241 4560 669 4567 ——-——-—.

381 4627 437 4695 1)
476 4626 560 4682 cf.
589 4626 763 4696 Witt,
801 4629 941 4683 fiber
979 4630 1087 4683 den
1123 4630 1352 4699 genetiv
1390 4631 1488 4685 des
1527 4630 1886 4699 gerundiums
1924 4632 2037 4685 und
2074 4631 2471 4701 gerundivums
2507 4631 2567 4685 in
2594 4634 2695 4686 der

231 4714 610 4769 lateinischen
649 4718 883 4785 sprache
923 4717 1298 4787 (Gumbinnen
1338 4722 1498 4789 1874)
1535 4720 1577 4788 Ι,
1615 4738 1671 4789 p.
1710 4726 1757 4774 2.

2195 4828 2269 4881 3*
