3303 5235
929 317 1013 370 De
1049 315 1478 385 participiorum
1511 334 1617 370 usu
1655 315 2053 385 praedicativo,
2133 371 2137 376 ,
2639 315 2721 378 77

262 501 485 544 maeus
520 471 724 563 pretio
768 480 840 543 in
883 480 1014 543 dies
1042 479 1370 560 prolatans
1409 477 1719 544 Cretenses
1754 478 2106 560 impuqnati
2146 479 2328 542 semel
2374 479 2502 542 iam
2538 498 2728 561 neque

265 589 459 668 finem
504 587 632 651 nisi
675 585 908 650 excidio
953 585 1243 650 habituri.

261 795 369 852 IV.
412 794 817 865 Participium
847 795 1046 852 futuri
1075 794 1260 851 activi
1288 794 1567 860 designat
1595 808 1731 848 eum
1767 793 1873 861 qul
1911 792 2145 860 aliquid
2175 753 2429 864 faceret,
2473 793 2526 848 si
2556 793 2726 848 certa

727 885 1016 952 quaedam
1055 882 1330 939 condicio
1369 883 1444 936 ad
1482 882 1763 937 effectum
1802 881 2060 936 adducta
2097 881 2277 936 esset.

461 1009 607 1075 Tac.
677 1033 822 1075 ann.
888 1009 949 1093 Ι,
1007 1011 1092 1074 36
1167 1010 1427 1092 auqebat
1495 1015 1723 1074 metum
1789 1030 2030 1091 ¹qnarus
2100 1009 2424 1074 Romanae
2493 1010 2730 1073 seditio—

271 1118 380 1182 nis
437 1122 493 1180 et
550 1118 607 1181 si
661 1118 1036 1182 omitteretur
1097 1117 1240 1198 ripa
1303 1117 1638 1181 invasurus
1704 1115 1909 1180 hostis,
2002 1116 2033 1179 I
2045 1166 2062 1199 ,
2108 1115 2195 1180 45
2262 1114 2492 1180 Caesar
2544 1136 2728 1179 arma

271 1225 527 1288 classem
589 1225 780 1288 socios
835 1274 849 1289 .
890 1274 904 1289 .
943 1274 956 1287 .
1003 1224 1305 1288 dimittere
1349 1222 1562 1286 Rheno
1613 1227 1829 1304 parat·
1874 1223 1931 1286 si
1984 1223 2313 1304 imperium
2377 1223 2729 1286 detrectetur

265 1331 422 1396 bello
467 1335 828 1395 certaturus,
885 1330 1039 1394 hist.
1077 1329 1160 1409 H,
1198 1331 1286 1394 40
1330 1330 1590 1394 militem
1633 1330 1854 1392 itinere
1894 1329 2127 1409 fessum
2170 1330 2437 1394 sarcinis
2474 1349 2726 1412 yravem

264 1438 501 1503 obicere
562 1437 721 1502 hosti
781 1458 908 1501 non
973 1439 1275 1502 omissuro
1336 1438 1669 1519 quominus
1731 1439 2045 1518 empeditus
2111 1487 2125 1500 .
2164 1486 2178 1500 .
2218 1485 2231 1500 .
2290 1437 2728 1518 aqqrederetur.

263 1544 442 1608 Vell.
487 1543 582 1628 ΙΙ,
629 1545 714 1608 89
771 1544 935 1608 orbis
991 1549 1050 1607 et
1102 1548 1190 1607 tot
1249 1549 1426 1608 eoetra
1480 1542 1743 1634 ¹Italiam
1798 1544 2079 1624 domique
2132 1562 2317 1623 opera
2370 1563 2545 1607 omne
2589 1544 2725 1607 aevi

259 1654 370 1716 sui
415 1653 691 1733 spatium·
735 1651 1158 1732 impensurum
1203 1650 1274 1714 in
1316 1650 1390 1714 id
1430 1650 1629 1714 solum
1675 1670 1826 1731 opus
1869 1651 2222 1730 scriptorem
2264 1650 2619 1730 fatiqarent.

326 1879 399 1936 V.
465 1877 871 1947 Participium
908 1879 1027 1933 fut.
1067 1879 1186 1935 act.
1226 1878 1558 1946 usurpatur
1594 1878 1669 1932 ad
1707 1878 2139 1944 designandum
2178 1890 2312 1930 eum
2351 1876 2457 1944 qui
2495 1877 2665 1931 certa

889 1967 1144 2035 quadam
1184 1966 1534 2022 condicione
1573 1967 1806 2035 aliquid
1845 1968 2113 2023 fecisset.

339 2083 348 2090 ’
423 2091 600 2160 Tac.
649 2116 796 2158 ann.
844 2094 893 2179 Ι,
930 2096 1014 2159 28
1076 2101 1308 2159 noctem
1359 2096 1659 2160 minacem
1714 2101 1772 2159 et
1822 2097 1893 2160 in
1937 2097 2129 2161 scelus
2186 2100 2545 2178 erupturam
2594 2096 2730 2176 fors

267 2199 500 2264 lenivit.
598 2199 682 2285 Π,
727 2203 804 2265 17
873 2202 1141 2283 insiynis
1195 2201 1529 2266 Arminius
1591 2223 1787 2265 manu
1852 2221 1987 2265 voce
2048 2202 2295 2265 vulnere
2356 2202 2733 2265 sustentabat

262 2327 548 2388 puynam
601 2308 1074 2388 incubueratque
1127 2308 1473 2389 sayittariis
1529 2309 1647 2372 illa
1692 2312 2017 2389 rupturuS,
2074 2308 2144 2370 ni
2188 2307 2525 2371 Raetorum
2583 2308 2729 2372 Vin-

275 2414 721 2495 delicorumque
765 2418 824 2477 et
867 2413 1148 2477 Gallicae
1193 2413 1457 2478 cohortes
1501 2415 1684 2496 siqna
1728 2414 2089 2477 obiecissent.
2173 2411 2296 2496 111,
2346 2413 2429 2476 66
2477 2413 2729 2477 Brutti-

281 2519 455 2580 dium
508 2568 521 2581 .
561 2569 576 2582 .
617 2569 630 2583 .
671 2569 686 2582 .
732 2519 820 2584 ad
874 2520 1225 2584 clarissima
1281 2541 1550 2602 quaeque
1606 2522 1845 2584 iturum
1900 2519 2215 2599 festinatio
2276 2521 2728 2584 exstimulabant.

281 2624 429 2688 hist.
474 2625 566 2709 ΙΙ,
614 2626 696 2690 97
758 2628 950 2691 trium
1007 2628 1311 2711 le9ionum
1367 2628 1549 2710 leyati
1592 2648 1783 2709 pares
1836 2628 1971 2692 iure
2024 2633 2083 2691 et
2122 2629 2438 2711 prosperis
2494 2628 2730 2692 Vitellii

271 2731 452 2796 rebus
495 2734 792 2797 certaturi
837 2735 922 2797 ad
965 2734 1315 2815 obsequium
1359 2737 1680 2800 adversam
1725 2736 1856 2800 eius
1906 2736 2231 2816 fortunam
2276 2756 2351 2799 ex
2396 2756 2586 2817 aequo
2632 2736 2727 2799 de-

273 2838 584 2903 trectabat.
647 2838 761 2922 III,
807 2842 884 2904 19
931 2846 1308 2922 spernuntur
1343 2844 1722 2905 centuriones
1770 2843 2117 2925 tribunique
2152 2865 2225 2907 ac
2262 2864 2337 2907 ne
2379 2863 2496 2907 voa:
2532 2844 2731 2907 cuius-

270 2967 464 3027 quam
507 2947 808 3010 audiatur
851 2948 1142 3027 quatiunt
1185 2968 1368 3010 arma
1410 2948 1663 3027 rupturi
1718 2949 2047 3029 imperium
2092 2951 2163 3013 ni
2207 2952 2530 3015 ducantur.
2612 2948 2731 3033 ΙΙΙ,

276 3052 365 3115 54
396 3052 705 3134 prohibiti
728 3074 846 3135 per
879 3055 1184 3118 civitatem
1219 3072 1523 3117 sermones
1559 3073 1623 3116 eo
1656 3054 1867 3133 plures
1902 3074 1975 3117 ac
2010 3056 2067 3118 si
2106 3056 2306 3119 liceret
2337 3056 2467 3118 veri
2501 3076 2728 3119 narra-

275 3160 406 3222 turi
450 3160 602 3239 quia
645 3160 1004 3223 vitabantur
1046 3161 1354 3233 atrociora
1389 3159 1803 3241 vulyaverant.
1885 3157 2051 3222 Vell.
2079 3159 2161 3238 ΙΙ,
2192 3161 2275 3223 88
2322 3163 2726 3225 resurrecturi

273 3266 418 3329 belli
464 3265 662 3329 civilis
707 3267 994 3330 restinxit
1038 3268 1302 3331 initium.

457 3370 581 3435 His
647 3373 954 3456 expositis
1022 3374 1262 3439 clarum
1328 3376 1428 3437 est
1490 3372 1890 3454 Madvigium
1904 3370 1953 3456 1)
2022 3371 2432 3437 vehementer
2498 3396 2731 3458 errare,
2784 3370 2789 3375 ’

275 3500 424 3542 cum
490 3476 718 3542 doceat
779 3501 969 3543 usum
1033 3480 1359 3563 participii
1423 3478 1542 3542 fut.
1603 3482 1723 3543 act.
1781 3479 1951 3561 apud
2008 3476 2385 3542 Sallustium
2448 3480 2721 3544 eundem

279 3606 445 3667 esse,
492 3606 679 3667 quem
727 3566 896 3668 apud
935 3582 1308 3650 Ciceronem
1347 3588 1412 3648 et
1451 3582 1815 3650 Caesarem.
1876 3585 2132 3648 etiamsi
2172 3585 2343 3648 enim
2382 3584 2727 3651 Sallustius

276 3692 622 3775 participio
668 3690 786 3755 fut.
833 3694 954 3755 aet.
1002 3714 1119 3774 pro
1167 3692 1500 3756 enuntiato
1549 3691 1977 3755 condicionali
2032 3713 2364 3774 nunquam
2411 3715 2565 3757 usus
2614 3697 2731 3777 est,

277 3802 506 3861 tamen
571 3797 718 3861 aliis
783 3797 1126 3881 generibus
1189 3820 1322 3862 non
1388 3797 1719 3862 abstinuit.
1816 3801 2070 3881 praeter
2134 3798 2426 3862 Tacitum
2495 3803 2731 3882 autem,

279 3905 395 3990 qui
465 3904 590 3969 hoc
662 3905 732 3968 in
802 3926 920 3969 usu
985 3908 1232 3969 ceteros
1309 3904 1659 3988 scriptores
1736 3903 2087 3987 antecedit,
2162 3905 2357 3968 etiam
2422 3903 2731 3984 VelleiuS,

279 4033 472 4095 quem
538 4011 945 4095 grammatici
1012 4010 1265 4075 silentio
1341 4010 1836 4095 praeterierunt,
1903 4012 1979 4075 de
2050 4034 2169 4075 usu
2242 4010 2353 4075 illo
2421 4012 2729 4077 variando

282 4118 528 4201 optime
584 4118 852 4181 meritus
907 4120 1022 4181 est.
1122 4116 1342 4182 Livius
1399 4120 1626 4180 contra
1687 4140 1804 4201 pro
1861 4117 2284 4201 amplitudine
2342 4117 2729 4201 scriptorum

276 4223 658 4307 parcissime
722 4224 1026 4288 liberiora
1090 4244 1330 4308 genera
1396 4222 1690 4306 admisit,
1759 4224 2138 4306 praesertim
2204 4245 2347 4287 cum
2414 4224 2730 4303 condicio-

275 4332 496 4394 nalem
555 4352 741 4393 usum
795 4331 1104 4413 respicias
1118 4380 1135 4413 ‚
1189 4330 1408 4413 itaque
1465 4326 1807 4391 Kuehnast
1864 4332 1930 4392 et
1977 4330 2088 4392 alii
2136 4330 2280 4413 plus
2338 4353 2527 4414 quam
2585 4332 2731 4415 tria,

277 4438 579 4519 exempla
643 4438 1016 4520 conquirere
1081 4459 1216 4501 non
1281 4439 1554 4518 possunt
1613 4436 1791 4498 velut
1847 4435 1978 4500 Liv.
2042 4436 2159 4519 45,
2215 4436 2329 4514 35,
2386 4439 2426 4500 6
2488 4440 2735 4501 dederat

346 4580 597 4587 .—-———----->
627 4580 710 4585 -...

431 4650 483 4719 1)
522 4646 586 4703 G.
625 4646 685 4700 L.
724 4652 756 4712 s
791 4652 914 4717 424,
953 4652 1002 4701 5.
