3303 5235
539 265 670 328 102
1606 263 1789 334 Caput
1824 264 1920 320 IV.

538 428 702 492 tiore
748 427 1286 512 interpretatione
1331 428 1702 511 explanare,
1748 432 1901 492 sunt
1942 428 2133 494 haec:
2190 427 2344 494 Tae.
2391 451 2538 496 ann.
2584 428 2643 512 Ι,
2690 429 2779 494 55
2830 429 3001 494 nihil

538 555 840 600 ausuram
871 535 1110 618 plebem
1141 534 1536 617 principibus
1579 536 1820 600 amotis.
1881 534 1965 619 ΙΙ,
1998 535 2081 598 19
2129 537 2387 618 equitem
2418 537 2797 618 propinquis
2841 537 3003 600 lucis

540 647 749 721 texere,
793 647 866 706 ut
907 643 1200 725 inyressis
1241 641 1545 708 silvarum
1591 641 1927 725 leyionibus
1961 663 2005 705 a
2042 646 2203 723 teryo
2235 643 2411 722 foret.
2466 642 2583 726 IV,
2608 644 2691 707 41
2732 643 3005 708 sublatis

539 747 832 814 inanibus
875 769 1082 812 veram
1113 748 1459 830 potentiam
1503 750 1739 831 augeri.
1820 747 1943 831 XI,
1994 749 2029 812 7
2088 747 2349 814 sublatis
2391 749 2737 816 studiorum
2769 750 3009 832 pretiis

539 856 725 920 etiam
769 854 979 920 studia
1011 856 1318 936 peritura.
1401 853 1562 920 XIII
1569 905 1590 939 ,
1635 855 1725 920 24
1766 860 1839 920 ut
1884 905 1898 918 .
1935 904 1951 919 .
1989 906 2003 920 .
2038 855 2243 937 plebes
2286 856 2463 924 daret
2512 856 3011 938 experimentum

539 983 628 1028 an
679 961 968 1026 ammotis
1020 961 1366 1028 custodibus
1419 962 1778 1030 modestiam
1830 961 2131 1028 retineret.
2211 960 2404 1045 XIII,
2447 963 2537 1027 40
2588 963 2811 1028 statuit
2852 964 3012 1028 dato

395 1071 402 1078 ’
541 1070 638 1136 die
679 1068 992 1152 proelium
1043 1068 1326 1151 incipere.
1406 1065 1584 1151 XIV,
1629 1067 1717 1132 23
1770 1068 2066 1134 utendum
2118 1068 2344 1134 recenti
2396 1073 2622 1133 terrore
2678 1073 2861 1134 ratus
2916 1070 3017 1133 ad

541 1175 896 1258 occupanda
953 1173 1390 1256 Tiqranocerta
1451 1173 1671 1255 quibus
1733 1173 1952 1240 excisis
2013 1178 2241 1240 metum
2310 1174 2577 1240 hostium
2646 1176 3017 1240 intenderet.

544 1281 688 1366 XV,
720 1282 802 1346 10
845 1301 954 1350 nec
995 1301 1039 1346 a
1084 1279 1422 1349 Corbulone
1453 1284 1856 1362 properatum
1898 1299 2019 1362 quo
2054 1280 2445 1362 yliscentibus
2476 1281 2774 1364 perietdis
2808 1283 3015 1346 etiam

543 1387 805 1452 subsidii
850 1385 990 1450 laus
1033 1389 1372 1468 anyeretur.
1438 1384 1595 1450 hist.
1620 1383 1706 1470 Π,
1733 1385 1820 1450 32
1868 1389 2058 1450 tracto
2104 1387 2175 1452 in
2220 1392 2511 1454 aestatem
2554 1388 2721 1454 bello.
2784 1388 2875 1472 Π,
2910 1389 3011 1453 34

543 1497 891 1578 auyescente
933 1492 1206 1573 flumine.
1270 1491 1386 1571 IV,
1417 1492 1500 1556 74
1543 1512 1697 1557 nam
1721 1491 1928 1576 pulsis
1971 1494 2135 1574 quod
2174 1494 2243 1558 di
2274 1494 2649 1577 prohibeant
2691 1495 3017 1562 Romanis

543 1600 696 1684 quid
747 1599 928 1664 aliud
977 1617 1168 1681 quam
1221 1597 1378 1664 bella
1431 1599 1709 1664 omnium
1761 1600 1925 1666 inter
1974 1620 2037 1664 se
2083 1601 2361 1683 yentium
2423 1602 2726 1668 exsistent.
2808 1600 2905 1685 Π,
2979 1605 3015 1666 l

545 1707 891 1772 concedente
941 1705 1015 1770 in
1063 1708 1280 1788 partes
1322 1709 1506 1788 patre
1556 1705 1762 1788 filium
1814 1710 2184 1775 excusatum.
2264 1705 2391 1790 ΠΙ,
2436 1708 2477 1772 2
2532 1709 2743 1784 addito
2800 1710 3019 1791 spatio

544 1815 892 1882 rediturum
957 1817 1016 1878 et
1079 1811 1178 1878 his
1243 1810 1430 1882 robur
1495 1813 1889 1878 meditatione
1964 1813 2119 1880 belli.
2236 1805 2389 1880 Sall.
2444 1813 2597 1879 hist.
2644 1814 2705 1899 I,
2750 1815 2869 1899 41,
2920 1816 3014 1880 24

547 1923 696 2005 quia
749 1920 1044 1986 secundae
1087 1937 1185 1983 res
1238 1918 1394 1982 mire
1437 1923 1587 1984 sunt
1635 1920 1808 1984 vitiis
1852 1919 2119 1987 obtentui
2169 1919 2391 2003 quibus
2444 1921 2758 2002 labefactis
2815 1943 3017 2003 quam

544 2027 923 2110 formidatus
967 2029 1057 2090 est
1100 2029 1229 2089 tam
1272 2029 1699 2090 contemnetur.
1768 2024 1908 2110 lug.
1947 2025 2049 2109 85,
2087 2026 2173 2091 48
2220 2027 2349 2092 deis
2391 2027 2763 2094 iuvantibus.
2798 2064 2878 2073 —
2932 2027 3015 2092 In

552 2134 850 2201 omnibus
897 2131 1001 2198 his
1048 2130 1357 2215 exemplis
1403 2151 1535 2196 non
1580 2129 1765 2196 illam
1809 2130 2193 2200 facilitatem
2238 2133 2449 2198 inesse
2495 2137 2559 2198 et
2606 2133 3014 2218 varietatem,

551 2262 713 2326 quae
768 2239 918 2304 hist.
964 2236 1092 2323 III,
1139 2237 1254 2321 56,
1315 2235 1429 2321 IV,
1483 2236 1569 2301 39
1628 2233 1778 2318 (sub
1824 2235 1941 2322 M.)
2007 2239 2341 2304 observari
2393 2239 2573 2324 licet,
2636 2240 2750 2306 ubi
2806 2241 3011 2324 parti-

550 2348 789 2432 cipium
853 2345 1054 2410 futuri
1111 2344 1306 2410 activi
1361 2345 1737 2427 usurpatur,
1794 2364 1871 2410 ex
1926 2348 2162 2410 natura
2218 2346 2705 2430 participiorum
2762 2347 3003 2432 liquido

549 2457 748 2539 patet.

652 2630 720 2697 G.
785 2630 874 2695 De
921 2628 1212 2696 ablativo
1260 2628 1554 2694 absoluto
1602 2628 1785 2693 cuius
1832 2626 2187 2700 subiectum
2233 2647 2313 2694 ex
2358 2629 2693 2697 enuntiato
2738 2627 2894 2715 quod

1159 2734 1454 2816 sequitur
1475 2733 1781 2801 ·reletivo
1828 2734 2244 2820 supplendum
2292 2737 2409 2801 est.

732 2878 898 2945 Cum
963 2878 1438 2946 accuratissime
1503 2877 1954 2962 explicandum
2011 2879 2125 2962 sit,
2180 2878 2390 2963 qualis
2445 2878 2710 2945 Tacitus
2766 2879 2834 2943 in
2888 2899 3015 2941 usu

557 2988 828 3053 ablativi
877 2985 1157 3051 absoluti
1203 2984 1397 3049 fuerit
1405 3036 1424 3068 ,
1477 2984 1634 3050 utile
1695 2988 1793 3053 est
1846 2985 2005 3051 illud
2062 3007 2315 3070 quoque
2380 3005 2582 3069 genus
2628 2984 3015 3070 frequentis·

557 3096 716 3159 sime
765 3093 1128 3158 adhibitum
1175 3091 1573 3174 adumbrare,
1621 3092 1733 3155 ubi
1770 3091 2188 3176 participium
2224 3092 2743 3176 impersonaliter
2786 3091 2855 3155 in
2906 3090 3021 3157 ab·

555 3202 758 3266 lativo
807 3200 1108 3265 absoluto
1155 3197 1479 3282 prolatum
1519 3218 1658 3261 esse
1696 3194 1965 3279 videtur,
2010 3218 2234 3262 revera
2270 3201 2487 3261 autem
2536 3198 2900 3261 subiectum
2938 3218 3021 3260 ex

559 3306 894 3375 enuntiato
961 3305 1133 3390 quod
1199 3302 1487 3387 sequitur
1551 3302 1825 3367 relativo
1892 3302 2323 3387 supplendum
2388 3313 2503 3369 est.
2544 3308 2781 3395 'atque
2848 3302 3022 3386 apud

560 3412 880 3478 Velleium
930 3412 1085 3495 duo,
1129 3409 1525 3493 totidemque
1576 3408 1747 3493 apud
1796 3406 2176 3474 Sallustium
2222 3412 2515 3494 exempla
2558 3409 2747 3475 nobis
2797 3432 3022 3474 occur-

557 3522 793 3584 rerunt.
869 3517 1079 3583 Taciti
1123 3516 1446 3601 permulta
1493 3519 1661 3581 sunt.
1735 3515 1883 3580 Tac.
1932 3537 2077 3581 ann.
2124 3515 2173 3599 I,
2223 3517 2262 3581 8
2310 3517 2572 3582 multum
2616 3517 3024 3581 irridentibus

556 3627 666 3709 qui
711 3626 834 3708 ipsi
877 3626 1172 3690 viderant.
1247 3623 1297 3705 I,
1343 3622 1430 3686 23
1474 3642 1620 3687 mox
1664 3623 1931 3687 disiectis
1975 3643 2240 3704 quorum
2271 3643 2389 3706 per
2431 3622 2714 3687 humeros
2756 3624 3026 3687 sustine-

561 3733 758 3799 batur.
841 3732 902 3815 Ι,
947 3733 1033 3796 48
1081 3731 1182 3795 illi
1229 3730 1475 3794 tentatis
1518 3750 1669 3811 quos
1724 3730 1971 3794 idoneos
2015 3729 2309 3793 rebantur
2353 3779 2368 3793 .
2390 3780 2421 3793 ..
2462 3778 2475 3793 .
2520 3732 2817 3793 statuunt.
2902 3726 3027 3810 III,

561 3840 649 3904 24
704 3839 928 3919 effectis
981 3839 1052 3902 in
1105 3858 1260 3920 quae
1316 3836 1552 3900 tetendi.
1643 3834 1742 3899 III
1752 3886 1771 3920 ,
1818 3837 1901 3900 27
1960 3837 2170 3901 accitis
2232 3856 2386 3917 quae
2446 3854 2709 3916 usquam
2762 3835 3026 3915 eqreyia.

565 3944 681 4024 III,
709 3946 796 4010 66
841 3944 1005 4027 quod
1046 3944 1270 4008 multos
1314 3944 1502 4008 etiam
1548 3942 1731 4007 bonos
1765 3942 2183 4025 pessumdedit
2224 3942 2333 4023 qui
2374 3941 2594 4023 spretis
2641 3960 2797 4021 quae
2834 3940 3028 4003 tarda

561 4072 700 4116 curn
744 4052 1065 4117 securitate
1098 4054 1510 4132 praematura
1552 4050 1643 4114 vel
1690 4069 1829 4113 cum
1872 4048 2061 4113 exitio
2094 4051 2450 4129 properant.
2506 4044 2623 4130 ΙΙΙ,
2663 4046 2745 4109 74
2790 4046 3027 4109 relictis

552 4179 672 4241 per
713 4178 864 4241 quos
907 4160 1244 4240 resuryeret
1285 4157 1523 4221 bellum.
1582 4154 1707 4240 VI,
1745 4156 1827 4220 31
1877 4155 2085 4219 missis
2119 4154 2229 4236 qui
2274 4172 2500 4235 ,qazam
2544 4172 2587 4215 a
2642 4151 2889 4216 Vonone
2930 4172 3025 4215 re-

566 4266 773 4329 lictam
820 4314 834 4330 .
872 4314 887 4328 .
925 4314 940 4330 .
985 4268 1373 4347 reposcerent.
1432 4261 1546 4345 VI,
1577 4262 1663 4326 36
1710 4260 2109 4343 affluentibus
2143 4260 2460 4342 paulatim
2494 4258 2603 4340 qui
2643 4258 3029 4322 sustulerant

565 4371 866 4435 animum.
928 4369 978 4453 I,
1006 4369 1049 4434 5
1097 4370 1242 4434 laeti
1277 4369 1585 4433 interdum
1629 4368 1841 4431 nuntii
1885 4367 2297 4450 vulyabantur
2332 4366 2518 4431 donec
2548 4366 2821 4447 provisis
2864 4384 3027 4446 quae

567 4482 802 4559 ternpus
845 4476 1126 4551 monebat
1165 4475 1345 4555 fama
1391 4475 1548 4539 tulit.
1610 4472 1662 4556 I,
1690 4474 1776 4538 64
1822 4474 2032 4539 obruto
2068 4475 2233 4555 quod
2264 4473 2541 4553 effectum
2576 4472 2774 4553 operis
2817 4470 3021 4553 dupli-

565 4587 739 4649 catus
781 4582 972 4646 militi
1028 4581 1214 4646 labor.
1298 4580 1420 4659 VI,
1467 4582 1507 4645 9
1554 4581 1787 4645 additis
1838 4601 1996 4662 quae
2039 4585 2181 4655 ante
2224 4580 2619 4662 deliquerant.
2700 4575 2885 4661 XVI,
2934 4576 3025 4644 14
