3303 5235
1025 337 1108 392 De
1143 335 1568 407 participiorum
1605 353 1711 390 usu
1746 334 2097 392 attributivo.
2704 333 2791 397 57

335 499 440 565 50
485 500 1022 582 adipiscendorum
1065 500 1366 566 honorum
1409 499 1530 565 ius.
1603 498 1770 564 Vell.
1808 496 1872 561 II
1884 548 1901 582 ,
1948 499 2032 563 28
2081 497 2255 563 liberi
2298 499 2483 562 etiam
2520 498 2799 580 petendo·

322 628 481 672 rum
526 607 848 672 honorum·
885 607 1020 671 iure
1061 607 1546 689 prohiberentur.
1619 606 1768 670 Tac.
1813 604 1963 669 hist.
2008 604 2074 668 II
2088 655 2106 689 ,
2153 605 2239 669 84
2293 603 2801 684 conferendarum

323 712 747 795 pecuniarum
783 713 1140 794 exemplum.
1179 713 1304 798 ⁸III
1317 765 1336 798 ,
1372 714 1459 777 32
1503 714 1753 796 siynmn
1788 712 2196 777 incendendae
2234 709 2581 776 Oremonae.
2654 734 2800 776 ann.

331 817 500 903 XII,
545 819 634 883 24
709 819 918 884 sulcus
987 820 1351 902 designandi
1414 820 1624 902 oppidi
1694 823 1947 900 coeptus
2058 816 2209 900 XII,
2266 817 2353 882 50
2425 838 2634 884 casum
2706 819 2800 883 in-

337 925 658 992 vadendae
712 925 1053 990 Armeniae
1116 925 1419 992 obvenisse
1481 931 1677 990 ratus.
1769 923 1959 1008 XIII,
2008 925 2092 988 36
2157 924 2300 988 bene
2353 925 2652 1008 yerendae
2712 926 2804 990 rei

341 1053 560 1097 casum
591 1031 828 1113 afferri.
901 1029 1091 1115 XIII,
1129 1031 1214 1097 52
1262 1037 1495 1115 tempus
1541 1031 1985 1098 evocandorum
2031 1031 2290 1096 testium.
2371 1031 2523 1096 hist.
2550 1030 2643 1115 II,
2678 1032 2805 1096 100

341 1138 580 1203 Patavi
621 1143 912 1204 secretum
956 1139 1399 1221 componendae
1435 1139 1814 1221 proditionis
1857 1138 2217 1219 quaesitum.
2294 1158 2441 1200 ann.
2488 1135 2665 1218 XIV,
2714 1137 2797 1200 59

344 1246 764 1311 constantiam
801 1244 1167 1328 aperiendae
1207 1246 1428 1310 matris
1463 1246 1626 1309 inter
1660 1233 1992 1309 ministros.
2057 1241 2236 1325 XIII,
2266 1243 2345 1306 21
2387 1244 2805 1325 suscipiendae

341 1351 756 1417 accusationis
803 1371 1067 1432 operam.
1150 1349 1339 1436 XIII,
1386 1351 1473 1415 30
1518 1350 1929 1415 constantiam
1971 1351 2303 1414 sumendae
2346 1350 2578 1415 mortis.
2650 1349 2802 1415 hist.

347 1457 488 1539 III,
535 1458 620 1522 86
661 1458 946 1522 serendae
989 1458 1059 1521 in
1104 1457 1262 1522 alios
1305 1458 1580 1522 invidiae
1622 1456 1869 1536 artifex.
1952 1456 2099 1520 dial.
2149 1456 2192 1519 4
2238 1457 2660 1538 patrocinium
2702 1458 2802 1522 de-

341 1564 682 1647 fendendae
721 1564 1010 1645 poeticae.
1095 1560 1259 1627 Vell.
1308 1562 1399 1648 II,
1444 1564 1530 1628 48
1586 1563 1877 1643 defuisset
1923 1562 2215 1642 fortunae
2269 1563 2618 1628 destruendi
2672 1564 2803 1629 eius

345 1672 530 1736 locus.
614 1667 767 1733 Sall.
805 1667 945 1754 Iug.
982 1671 1097 1749 22,
1135 1669 1176 1734 5
1223 1668 1593 1750 Adherbalis
1637 1668 1996 1751 appellandi
2040 1669 2215 1751 copia
2250 1689 2377 1732 non
2416 1668 2559 1749 fuit.
2630 1670 2733 1752 83,
2766 1671 2799 1732 1

337 1776 559 1842 habere
607 1780 737 1840 tum
783 1796 1076 1858 maynam
1111 1777 1350 1859 copiam
1393 1776 1697 1840 societatis
1732 1775 2045 1840 amicitiae
2080 1775 2547 1858 coniunyendae.
2622 1775 2727 1858 96,
2761 1776 2801 1839 3

319 1882 564 1966 proelii
604 1882 894 1962 faciundi
939 1886 1171 1965 tempus
1215 1883 1438 1948 adesse.

923 2055 1013 2111 11.
1069 2054 1395 2113 Genetivus
1432 2055 1728 2125 dependet
1763 2055 1839 2112 ab
1875 2055 2216 2114 adieetlvls.

523 2163 678 2230 Tae.
728 2186 876 2229 ann.
924 2164 1050 2249 III,
1096 2166 1183 2230 42
1243 2166 1568 2232 navandae
1621 2187 1838 2247 operae
1890 2165 2150 2230 avidior.
2224 2164 2339 2250 IV,
2386 2167 2471 2230 32
2515 2167 2805 2249 princeps

333 2273 701 2355 proferendi
745 2272 994 2354 imperii
1033 2273 1392 2338 incuriosus.
1465 2271 1655 2356 XIII,
1692 2272 1779 2336 20
1825 2272 2278 2354 interficiendae
2312 2273 2534 2337 matris
2569 2273 2804 2336 avidus.

344 2378 497 2443 hist.
554 2376 678 2461 III,
728 2379 814 2441 72
885 2380 1064 2444 avido
1129 2379 1323 2444 milite
1383 2381 1671 2444 emendae
1733 2379 2015 2444 civitatis.
2115 2401 2265 2444 ann.
2310 2377 2433 2463 III,
2479 2380 2566 2444 30
2623 2380 2805 2443 inter-

351 2485 596 2567 ficiendi
627 2484 912 2550 Postumi
947 2485 1267 2569 Ayrippae
1302 2486 1593 2550 conscius
1668 2483 1781 2567 IV,
1820 2485 1902 2550 59
1950 2486 2099 2550 dum
2134 2506 2176 2547 a
2214 2485 2444 2550 libertis
2480 2491 2537 2550 et
2571 2486 2800 2550 clienti-

352 2590 466 2657 bus
499 2591 856 2675 apiscendae
888 2593 1200 2677 potentiae
1232 2594 1520 2677 properis
1555 2591 1988 2658 exstimulatur
2023 2594 2093 2657 ut
2128 2597 2386 2661 erectum
2430 2597 2487 2659 et
2517 2594 2803 2677 fidentem

341 2698 551 2781 animi
596 2700 938 2765 ostenderet.
1015 2698 1164 2764 Sall.
1201 2697 1245 2763 J
1247 2720 1352 2782 ug.
1391 2699 1502 2783 35,
1533 2700 1575 2763 2
1620 2700 1843 2763 avidus
1888 2699 2097 2765 consul
2144 2700 2282 2767 belli
2319 2702 2585 2785 yerendi.
2650 2700 2802 2767 Tae.

223 2848 230 2855 -
343 2826 499 2868 ann.
545 2802 659 2888 IV,
703 2806 788 2870 34
833 2827 1021 2888 quam
1058 2804 1404 2872 Oremutius
1446 2807 1877 2887 relinquendae
1920 2806 2081 2870 vitae
2116 2812 2312 2873 certus
2358 2810 2426 2873 in
2471 2810 2632 2875 hunc
2675 2830 2797 2874 mo-

341 2911 500 2974 dum
555 2930 804 2977 exorsus
865 2917 968 2977 est.
1068 2913 1126 2997 I,
1174 2914 1258 2977 36
1323 2913 1713 2977 exauctorari
1777 2913 1886 2993 qui
1946 2932 2095 2977 sena
2160 2915 2318 2978 dena
2378 2916 2667 2995 fecissent
2734 2938 2807 2981 ac

345 3018 605 3082 retineri
637 3019 748 3083 sub
785 3021 1006 3086 vexillo
1043 3026 1372 3085 ceterorum
1408 3021 1715 3083 immunes
1760 3019 1888 3083 nisi
1915 3019 2328 3099 propulsandi
2361 3020 2566 3087 hostis.
2619 3022 2732 3106 VI,
2761 3023 2804 3086 4

352 3123 634 3191 Latiaris
677 3129 1055 3209 praecipuus
1099 3127 1248 3193 olim
1301 3124 1811 3191 circumveniendi
1861 3124 2017 3189 Titii
2061 3122 2285 3189 Sabini
2330 3130 2388 3189 et
2445 3132 2589 3191 tunc
2635 3128 2804 3193 luen-

352 3232 465 3296 dae
498 3252 733 3315 poenae
773 3234 1025 3315 primus
1075 3234 1219 3313 fuit.
1304 3231 1400 3296 III
1410 3283 1427 3317 ,
1477 3233 1510 3296 Ἰ
1569 3232 1804 3296 erectis'
1823 3232 2101 3296 omnium
2146 3232 2382 3297 animis
2426 3235 2721 3315 petendae
2774 3257 2805 3299 c

345 3338 578 3404 Pisone
621 3338 949 3426 ultionis.²)
1023 3341 1082 3425 Ι,
1123 3340 1206 3405 75
1251 3338 1778 3420 resistentibusque
1824 3338 2061 3402 aerarii
2096 3339 2487 3420 praetoribus
2531 3340 2805 3405 subvenit

497 3516 550 3583 1)
597 3512 748 3577 Quae
784 3530 922 3570 vera
957 3513 1030 3568 sit
1064 3513 1231 3568 huius
1264 3511 1542 3569 enuntiati
1579 3512 1728 3567 ratio
1766 3509 2135 3580 grammatica
2170 3528 2284 3566 non
2320 3530 2548 3581 prorsus
2589 3516 2806 3569 certum

351 3603 458 3657 est.
547 3619 718 3671 quare
773 3602 946 3657 liceat
980 3602 1142 3657 nobis
1189 3605 1440 3658 nostram
1485 3600 1733 3671 proferre
1782 3598 2146 3667 sententiam,
2193 3604 2495 3670 postquam
2543 3602 2611 3658 de
2668 3601 2805 3658 alio·

351 3709 480 3746 rum
516 3690 872 3761 opinionibus
901 3692 1281 3747 disseruimus
1349 3708 1414 3745 ac
1442 3692 1693 3760 Draeger
1721 3688 1943 3759 quidem
1985 3690 2244 3759 opinatur
2279 3691 2529 3760 genetivi
2564 3694 2805 3761 peten-

351 3780 482 3835 dae
527 3781 817 3837 ultionis
873 3784 1131 3836 naturam
1178 3798 1292 3834 non
1336 3780 1507 3833 aliam
1554 3796 1677 3847 esse
1725 3796 1893 3848 quam
1940 3796 2066 3834 ann.
2106 3779 2183 3847 II,
2222 3785 2288 3834 59
2335 3781 2644 3852 Aeyyptum
2677 3798 2802 3851 pro-

348 3871 622 3939 ficiscitur
668 3872 1063 3941 coqnoscendae
1110 3870 1487 3939 antiquitatis,
1543 3886 1713 3938 quam
1771 3867 2109 3923 sententiam
2156 3868 2457 3937 quominus
2508 3870 2806 3939 probemus

351 3956 573 4028 obstat,
627 3960 778 4028 quod
833 3960 1008 4013 verba.
1059 3958 1401 4029 petendae
1453 3957 1748 4013 ultionis
1805 3974 1840 4013 a
1893 3957 2123 4013 vocibus
2171 3958 2429 4013 Drusus
2469 4000 2525 4013 ..
2558 3999 2569 4011 .
2602 4002 2614 4015 .
2653 3974 2805 4027 pro-

351 4045 577 4103 fectus
634 4050 738 4102 est
792 4047 978 4102 verbis
1035 4046 1287 4102 erectis
1345 4045 1635 4101 omnium
1690 4045 1935 4100 animis
1989 4046 2299 4101 interiectis
2356 4046 2607 4101 seiuncta
2662 4046 2806 4113 sunt,

353 4133 549 4202 itaque
583 4153 652 4191 ne
682 4135 1008 4206 Nipperdey
1045 4135 1276 4205 quidem
1301 4136 1450 4189 hune
1485 4134 1677 4189 locum
1717 4137 1870 4190 reete
1919 4134 2247 4205 explicavit,
2287 4151 2415 4189 cum
2450 4152 2577 4189 ann.
2617 4134 2696 4203 II,
2735 4140 2802 4190 59

349 4222 586 4295 Aeyypt.
620 4224 898 4297 profi0qu.
939 4241 1057 4292 squ,
1105 4224 1454 4278 simillimum
1499 4240 1620 4278 esse
1668 4225 1911 4279 censeat.
1976 4224 2127 4277 idem
2173 4222 2379 4277 attinet
2414 4222 2488 4276 ad
2530 4221 2804 4293 interpre-

347 4312 658 4380 tationem,
705 4329 874 4380 quam
921 4312 1100 4367 edidit
1143 4312 1370 4367 Eduard
1399 4312 1579 4368 Wolff
1611 4313 1736 4381 (Die
1771 4312 2016 4382 Spruche
2055 4312 2151 4366 des
2189 4311 2443 4381 Tacitae,
2479 4311 2810 4382 Programm

351 4401 458 4456 der
486 4401 918 4456 Wohlersohule
956 4420 1022 4455 zu
1049 4402 1354 4456 Frankfurt
1391 4403 1522 4470 alM.
1564 4408 1728 4471 1879,
1765 4420 1819 4471 p.
1854 4407 1917 4455 17
1946 4404 2102 4470 squ.).
2168 4402 2474 4456 seeundum
2505 4419 2630 4456 eam
2660 4399 2809 4455 enim

350 4488 653 4560 genetivus
713 4490 996 4560 dependet
1049 4492 1118 4545 de
1175 4490 1527 4546 substantivo
1580 4488 1824 4544 animis
1882 4517 1949 4535 =
2003 4490 2326 4558 Wunsoh‚
2392 4490 2808 4560 Verlangen,

355 4580 544 4633 Lust.
618 4576 830 4634 corruit
883 4580 1072 4634 autem
1118 4580 1260 4634 haee
1314 4579 1619 4647 sententia,
1676 4579 1827 4647 quod
1880 4594 2002 4633 voe.
2049 4578 2336 4647 animus,
2394 4579 2443 4633 si
2492 4578 2551 4633 in
2604 4578 2809 4648 plurali

363 4684 598 4723 numero
644 4669 968 4739 usurpatur,
1014 4684 1128 4724 non
1164 4685 1232 4723 ea.
1277 4666 1582 4739 significat,
1640 4684 1783 4738 quae
1834 4684 1937 4724 nos
1981 4683 2246 4725 vocamus
2284 4667 2598 4738 Wunsch,
2647 4666 2806 4724 Ver·
