3303 5235
959 324 1040 378 De
1076 323 1500 394 participiorum
1537 341 1641 377 usu
1680 323 2029 381 attributiw.
2636 323 2717 386 61

263 491 525 556 Vitellio
577 488 852 567 infensos
903 487 1332 568 reciperandae
1385 488 1646 552 militiae
1690 488 1974 569 praemio
2028 488 2377 552 invitarent.
2462 486 2563 551 III
2572 538 2591 571 ,
2637 487 2719 552 57

263 597 563 662 Vitellius
627 592 970 659 Claudium
1017 593 1346 658 Iulianum
1392 644 1406 658 .
1455 647 1467 660 .
1517 646 1530 661 .
1578 646 1592 660 .
1645 595 2098 677 permulcendis
2158 595 2429 660 militum
2492 595 2725 658 animis

255 705 498 785 deleyit.
603 701 684 784 V,
736 701 815 764 13
871 704 1088 764 cuncta
1147 703 1594 784 exmnandis‘
1627 702 1881 767 urbibus
1933 707 2188 784 reperta.
2296 700 2423 785 III,
2471 701 2514 765 5
2567 721 2723 765 com-

247 811 504 890 positus
546 809 736 872 etiam
781 807 1137 872 alliciendis.
1218 806 1318 870 III
1328 858 1345 890 ,
1393 808 1477 873 82
1533 809 1921 874 destinantur
1964 809 2207 874 validae
2250 809 2519 872 civitates
2564 827 2725 872 exer-

261 918 476 981 cendis
519 935 842 980 armorum
885 914 1170 996 officinis.
1242 912 1322 998 V,
1375 915 1406 978 1
1443 916 1905 997 perdomandae
1948 915 2221 980 Iudaeae
2264 916 2535 980 delectus.

550 1094 609 1158 G.
680 1091 966 1157 Tertium
1013 1108 1216 1173 genus
1260 1089 1330 1156 id.
1374 1093 1492 1168 est,
1540 1092 1655 1158 ubi
1698 1109 1813 1176 per
1857 1110 1924 1158 se
1971 1109 2234 1178 prorsus
2279 1091 2463 1158 nulla

275 1237 450 1302 ratio
499 1239 749 1300 exstare
785 1235 1040 1299 videtur
1086 1235 1258 1298 inter
1294 1234 1582 1298 dativum
1621 1237 1687 1299 et
1723 1236 2150 1320 gerundivum
2189 1237 2283 1300 ita
2326 1239 2424 1315 ut,
2473 1235 2727 1300 etiamsi

269 1343 533 1408 dativus
583 1341 858 1424 deesset,
902 1344 1122 1406 tamen
1166 1341 1329 1405 nihil
1377 1341 1863 1406 desideraretur.
1950 1346 2145 1429 atque
2190 1343 2350 1408 haec
2396 1343 2729 1407 liberrima

273 1450 548 1534 species,
593 1449 705 1512 ubi
753 1448 1008 1512 dativus
1056 1447 1394 1532 gerundivi
1439 1449 1698 1513 finalem
1744 1449 1875 1514 vim
1920 1449 2142 1534 habet,
2204 1448 2525 1535 quomodo
2572 1470 2728 1532 pau-

279 1557 467 1621 latim
522 1576 598 1619 ex
649 1554 1150 1638 simplicioribus
1218 1555 1559 1619 structuris
1636 1558 1781 1621 orta
1844 1556 1933 1620 sit
1988 1555 2511 1621 antecedentibus
2568 1554 2727 1619 satis

283 1664 794 1728 demonstratum
833 1664 948 1726 est.
1023 1665 1306 1726 ceterum
1346 1683 1424 1725 ex
1468 1662 1612 1746 ipsa
1649 1662 1715 1728 vi
1762 1665 1833 1726 et·
1871 1664 2103 1726 natura
2141 1684 2327 1727 casus
2377 1661 2578 1726 dativi
2624 1661 2730 1725 hic

277 1791 432 1834 usus
496 1790 628 1833 non
680 1768 894 1832 minus
950 1768 1366 1852 intellegitur.
1448 1771 1707 1833 constat
1770 1770 1942 1833 enim
2006 1769 2296 1833 dativum
2352 1768 2731 1853 significare,

272 1899 403 1960 quo
467 1877 719 1958 spectet
775 1874 1054 1939 efficiens
1099 1877 1174 1938 ut
1226 1875 1321 1939 ita
1377 1875 1664 1941 dicamus
1722 1875 1847 1959 vis,
1914 1898 2076 1960 quae
2132 1876 2326 1940 alicui
2388 1875 2481 1940 rei
2545 1875 2731 1939 inest.

275 1964 491 2066 neque
537 1981 754 2045 minus
802 1981 1043 2045 clarum
1083 1984 1182 2045 est
1227 1981 1548 2072 quomodo
1590 2003 1667 2046 ex
1712 1981 1835 2046 hac
1879 1983 2212 2064 primitiva
2258 1983 2730 2069 significatione

277 2112 355 2154 ea
402 2111 472 2152 se
511 2090 877 2171 expromat,
924 2109 1088 2172 quae
1125 2087 1396 2172 indicat,
1442 2089 1657 2152 utrum
1698 2087 1938 2172 aliquid
1978 2089 2315 2154 commodo
2366 2111 2451 2153 an
2495 2089 2734 2152 incom-

277 2196 470 2260 modo
537 2193 806 2258 alicuius
862 2193 956 2257 rei
1011 2195 1123 2256 aut
1178 2213 1495 2275 personae
1555 2193 1799 2256 factum
1848 2192 1960 2277 sit,
2026 2215 2064 2256 a
2119 2215 2247 2278 qua
2302 2215 2455 2257 usus
2514 2193 2733 2274 dativi,

282 2302 391 2386 qui
433 2301 616 2365 finali
651 2299 906 2364 notioni
951 2299 1246 2382 inservit,
1293 2321 1424 2364 non
1471 2299 1748 2364 multum
1786 2299 2043 2364 recedit.
2121 2298 2330 2363 Taciti
2370 2302 2582 2363 autem
2624 2298 2733 2382 qui

283 2409 452 2474 hune
489 2405 738 2472 dicendi
782 2428 972 2470 usum
1019 2409 1084 2469 et
1129 2406 1380 2469 invenit
1425 2394 1492 2469 et
1535 2405 1736 2470 nimio
1780 2406 1993 2471 studio
2033 2407 2364 2489 amplexus
2402 2409 2529 2489 est,
2556 2387 2733 2469 *haec
2800 2419 2825 2444 ⁰

289 2514 578 2596 exempla
619 2513 938 2577 habemus
985 2534 1148 2597 quae
1193 2513 1263 2577 in
1308 2513 1591 2577 medium
1638 2513 2068 2596 proferamus:

465 2643 606 2685 ann.
643 2620 702 2704 I,
740 2621 826 2683 26
874 2640 985 2683 cur
1027 2621 1284 2685 venisset
1324 2641 1514 2701 neque
1549 2622 1845 2703 augendis
1884 2621 2155 2686 militum
2190 2621 2511 2703 stipendiis
2546 2640 2736 2701 neque

278 2728 624 2793 allevandis
681 2727 1002 2792 laboribus.
1093 2727 1125 2791 Ι
1135 2778 1152 2812 ,
1199 2728 1285 2792 60
1345 2726 1675 2793 Caecinam
1738 2748 1875 2792 cum
1927 2728 2345 2810 qnadraginta
2398 2727 2739 2792 cohortibus

275 2835 596 2899 Romanis
630 2833 1016 2899 distrahendo
1053 2832 1213 2897 hosti
1249 2883 1262 2896 .
1301 2883 1315 2898 .
1353 2883 1368 2897 .
1408 2883 1423 2898 .
1461 2834 1666 2897 mittit.
1749 2833 1839 2916 H,
1882 2837 1914 2897 1
1952 2840 2203 2915 partem
2226 2835 2433 2917 prolis
2474 2835 2735 2915 firman-

276 2944 397 3005 dae
444 2940 754 3005 amicitiae
796 2942 1066 3004 miserat.
1149 2939 1242 3024 H,
1287 2940 1368 3003 21
1417 2940 1550 3003 iam
1593 2958 1727 3004 sero
1773 2940 1897 3003 diei
1938 2940 2219 3005 subducit
2262 2962 2337 3005 ex
2382 2942 2511 3005 acie
2556 2942 2732 3023 leyio-

279 3066 422 3109 nem
462 3046 768 3126 faciendis
811 3048 1049 3111 castris.
1121 3045 1213 3129 II,
1250 3046 1334 3109 37
1381 3064 1488 3109 nee
1532 3046 1618 3108 ad
1659 3045 1963 3109 invidiam
2008 3047 2131 3109 ista
2174 3050 2280 3111 sed
2321 3040 2739 3111 conciliandae

290 3153 740 3255 misfricordiae
791 3152 1002 3234 refero.
1119 3152 1212 3236 II,
1259 3151 1343 3215 65
1411 3150 1819 3233 Rhescuporis
1870 3153 2197 3216 sanciendo
2248 3153 2479 3233 foederi
2541 3154 2738 3218 convi-

289 3259 451 3322 cium
502 3260 710 3323 adicit.
798 3259 890 3343 II,
938 3258 1023 3324 85
1083 3259 1320 3339 factum
1362 3262 1625 3339 patrum
1680 3259 2021 3323 consultum
2082 3264 2155 3323 ut
2214 3263 2504 3340 quattuor
2556 3260 2738 3322 milia
2859 3323 2864 3327 .

281 3365 556 3429 libertini
595 3366 834 3448 generis
881 3416 896 3429 .
933 3414 948 3430 .
987 3416 1002 3430 .
1041 3415 1055 3429 .
1109 3367 1180 3429 in
1223 3366 1500 3430 insulam
1543 3364 1915 3431 Sardiniam
1959 3364 2312 3429 veherentur
2359 3415 2372 3427 .
2412 3416 2425 3429 .
2462 3413 2477 3429 .
2517 3415 2530 3429 .
2578 3385 2737 3428 coer-

275 3473 491 3535 cendis
525 3471 658 3536 illic
694 3472 1054 3537 latrociniis.
1117 3470 1232 3555 III,
1267 3471 1345 3535 19
1384 3470 1637 3536 Drusus
1671 3471 1819 3535 urbe
1855 3491 2125 3552 eyressus
2159 3473 2493 3555 repetendis
2528 3473 2738 3552 auspi-

274 3579 413 3643 ciis.
515 3577 638 3657 III,
685 3578 766 3642 31
842 3577 1122 3643 Tiberius
1173 3579 1356 3659 quasi
1407 3578 1756 3660 firmandae
1806 3578 2147 3643 valetudini
2199 3579 2269 3642 in
2327 3577 2741 3661 Campaniam

279 3686 588 3749 concessit.
667 3683 793 3762 ΙΙΙ,
840 3683 924 3747 39
989 3684 1097 3764 qui
1139 3684 1572 3765 praedabundi
1635 3688 1749 3748 aut
1777 3686 2189 3751 assumendis
2242 3687 2501 3751 auoeiliis
2553 3707 2739 3769 vaya-

279 3790 534 3854 bantur.
615 3788 730 3873 IV,
781 3794 813 3854 1
871 3790 1189 3853 industria
1241 3794 1298 3853 et
1339 3790 1670 3872 viyilantia
1723 3791 1895 3856 haud
1945 3792 2156 3857 minus
2200 3794 2424 3857 noxiae
2466 3794 2742 3874 quotiens

265 3896 572 3979 parando
625 3917 808 3979 reyno
863 3897 1202 3979 linquntur.
1273 3893 1386 3974 IV,
1436 3897 1518 3960 73
1572 3898 1869 3987 proxima
1934 3898 2252 3963 aestuaria
2314 3898 2632 3981 ayyeribus
2684 3903 2743 3963 et

265 4002 572 4085 pontibus
617 4004 984 4067 traducendo
1015 4002 1295 4085 graviori
1331 4004 1570 4085 cymini
1612 4004 1889 4085 firmant.
1961 4003 2087 4087 VI,
2123 4005 2208 4068 43
2255 4006 2592 4069 reddendae
2636 4005 2739 4069 do-

282 4108 627 4173 minationi
669 4110 916 4175 venisse.
989 4107 1112 4193 XI,
1156 4110 1188 4173 1
1237 4107 1539 4174 Suillium
1575 4112 1939 4176 accusandis
1980 4112 2255 4193 utrisque
2300 4112 2593 4176 immittit.
2655 4111 2744 4177 ib.

279 4215 682 4296 opprimendo
738 4215 888 4279 bello
943 4213 1302 4298 Grispinum
1349 4267 1362 4281 .
1411 4266 1427 4282 .
1474 4267 1488 4281 .
1536 4266 1550 4282 .
1595 4219 1783 4283 misit.
1864 4217 1983 4301 XI,
2032 4220 2073 4283 2
2126 4219 2345 4301 quibus
2400 4214 2741 4305 (lacrimis)

279 4321 598 4385 alluendis
651 4322 920 4386 cubiculo
976 4323 1280 4406 egrediens
1324 4328 1540 4388 monet.
1613 4322 1738 4408 XI,
1785 4325 1869 4389 32
1925 4324 2277 4391 Messalina
2335 4324 2743 4415 Lucullianos

277 4430 362 4491 in
425 4426 631 4492 hortos
686 4427 886 4495 Silius
945 4429 1394 4495 dissimulando
1457 4435 1620 4494 metu
1684 4428 1771 4495 ad
1830 4432 2050 4495 munia
2109 4430 2237 4511 fori
2299 4432 2745 4514 diyrediuntur.

279 4532 422 4597 XII
438 4584 458 4617 ,
503 4535 590 4598 32
653 4535 892 4601 colonia
937 4585 952 4601 .
990 4586 1005 4601 .
1041 4584 1069 4617 .-
1093 4580 1113 4600 .
1165 4536 1480 4599 deducitur
1539 4536 1612 4599 in
1682 4554 1863 4619 apros
1924 4537 2189 4619 captivos
2240 4538 2581 4604 subsidium
2636 4540 2742 4603 ad-

281 4660 503 4704 versus
554 4641 796 4707 rebelles
849 4647 906 4707 et
954 4644 1296 4708 imbuendis
1357 4644 1538 4707 sociis
1599 4644 1687 4706 ad
1738 4643 1949 4724 officia
2004 4644 2217 4726 leyum.
2298 4644 2429 4707 XII
2443 4696 2461 4728 ,
2506 4645 2588 4709 41
2649 4666 2745 4709 ac-
