3303 5235
965 289 1065 362 De⁴
1087 307 1489 377 significatione
1528 307 1967 378 participiorum.
2646 311 2687 371 5

229 479 374 538 tam
425 473 759 554 evadente,
805 492 1002 556 quam
1050 473 1387 555 temptata.
1479 495 1625 536 cum
1682 475 1897 536 autem
1956 471 2119 535 talia
2172 453 2539 556 praesentia
2584 473 2685 536 vel

229 579 614 664 imperfecta
670 579 748 641 de
805 581 1042 641 conatu
1100 577 1223 640 dici
1280 577 1690 661 grammatici
1747 576 2035 658 tradant,
2091 576 2316 641 eodem
2371 577 2507 641 iure
2564 599 2685 641 nos

229 689 365 751 tale
401 687 668 751 verbum
705 684 1034 749 infinitum
1073 684 1484 766 participium
1523 684 1600 747 de
1640 687 1877 748 conatu
1916 705 2288 768 nuncupare
2325 705 2686 766 possumne.

223 817 304 856 ac
350 793 480 856 tria
526 795 641 856 aut
683 794 990 875 quattuor
1037 812 1114 853 ex
1161 789 1343 855 Livio
1395 793 1460 854 et
1507 787 1811 854 Cornelio
1858 790 2113 873 Nepote
2170 793 2432 874 sumpta
2477 812 2685 855 exem-

224 902 340 983 pla
386 923 424 963 a
484 898 951 983 grammaticiS,
1017 898 1127 982 qui
1186 898 1378 962 huius
1429 919 1585 962 usus
1639 897 1904 962 omnino
1954 897 2349 961 mentionem
2404 898 2685 982 faciunt,

221 1007 423 1091 vulgo
461 1007 1059 1070 commemorantur.
1133 1005 1320 1086 plura
1369 1003 1556 1068 nobis
1597 1006 2039 1087 occurrerunt,
2089 1024 2164 1067 ex
2204 1003 2435 1086 quibus
2485 1026 2685 1068 unum

222 1116 583 1176 vertamus:
1539 1194 1542 1196 Ὗ
2084 1197 2089 1202 .

406 1218 556 1283 Tac.
613 1218 763 1282 hist.
819 1217 877 1297 Ι,
926 1219 966 1280 9
1031 1218 1180 1281 adeo
1241 1217 1514 1296 furentes
1579 1212 1877 1301 (milites)
1943 1216 2309 1298 infirmitate
2368 1218 2686 1282 retinentis

219 1326 388 1388 ultro
459 1325 964 1407 accendebantur,
1045 1345 1180 1388 nnn
1254 1343 1374 1405 yar
1410 1323 1737 1389 ,witthend
1816 1325 2071 1388 wurden
2142 1325 2231 1388 sie
2314 1324 2508 1388 durch
2587 1326 2685 1389 die

224 1430 646 1494 Schwachhe'it
700 1431 932 1512 des-sen,
987 1432 1095 1494 der
1149 1432 1238 1494 sie
1291 1431 1831 1495 znrechtenweiscn
1875 1430 2102 1508 snchte,
2160 1429 2315 1494 noch
2358 1424 2684 1496 obenclrein

221 1537 587 1616 entflammt.

405 1639 554 1704 Alia
602 1644 780 1704 sunt:
831 1641 978 1705 Tac.
1017 1641 1170 1706 hist.
1216 1642 1276 1725 I,
1319 1643 1398 1706 17
1445 1644 1905 1724 supprimentes,
1977 1644 2039 1727 I,
2084 1643 2353 1708 45-v00e
2395 1645 2683 1726 vultuque

223 1753 584 1829 temperans.
674 1747 764 1829 H,
817 1749 896 1811 18
944 1749 1230 1811 retinenti
1273 1749 1415 1812 duci
1461 1749 1580 1812 tela
1624 1751 1945 1815 intentare.
2033 1749 2131 1814 IV
2144 1800 2161 1832 ‚
2208 1749 2295 1814 30
2338 1751 2579 1814 nuntiis
2624 1756 2683 1814 ct

213 1855 544 1936 promissis
588 1854 772 1934 fidem
820 1854 1127 1936 lcyionmn
1172 1854 1522 1919 convellens.
1612 1853 1693 1938 V,
1744 1857 1778 1920 7
1828 1855 2213 1938 eyercntibnS.

1373 2033 1412 2110 ξ
1459 2033 1517 2095 3.

882 2165 981 2218 De
1028 2164 1380 2233 participio
1427 2163 1710 2232 perfecti
1755 2165 2021 2232 passivi.

405 2277 548 2342 Hoc
595 2278 940 2362 participio
987 2279 1057 2342 in
1103 2279 1474 2342 universum
1514 2301 1590 2342 ea
1626 2279 2102 2365 describuntur,
2150 2303 2312 2365 quae
2359 2282 2490 2344 iam
2536 2304 2675 2364 per—

225 2391 372 2450 acta
418 2389 584 2449 sunt.
667 2390 934 2449 vocatur
979 2390 1194 2449 autem
1240 2385 1655 2468 participium
1700 2385 1859 2469 perf.
1905 2387 2237 2471 passivi,
2284 2409 2675 2471 quamquam

225 2493 457 2556 suffixo
507 2491 1044 2574 Indogermanico
1094 2496 1182 2575 ta,
1244 2492 1478 2557 Latino
1527 2498 1614 2574 tc,
1663 2498 1729 2556 tn
1784 2491 1867 2556 ab
1923 2493 2112 2557 initio
2173 2494 2500 2576 passivam
2545 2495 2676 2557 vim

221 2622 356 2664 non
401 2599 614 2663 inesse
663 2597 821 2663 satis
859 2601 1131 2664 constat.
1217 2598 1415 2663 immo
1463 2621 1616 2664 vero
1666 2599 1879 2665 activo
1928 2622 2119 2664 sensu
2157 2599 2223 2664 id
2269 2599 2565 2683 usurpari
2613 2603 2678 2664 et

224 2706 590 2770 Sanscritae
637 2706 896 2790 linguae
952 2710 1018 2769 et
1065 2705 1344 2770 Graecae
1393 2707 1707 2790 exemplis
1765 2706 2083 2771 docemur.
2173 2729 2247 2771 ac
2301 2728 2384 2770 116
2440 2706 2676 2770 Latina

225 2812 482 2895 quidem
511 2812 856 2896 participia
893 2812 962 2875 in
1001 2817 1058 2875 to
1097 2813 1447 2877 terminata
1477 2812 1702 2897 generi
1740 2812 1997 2896 passivo
2036 2812 2253 2876 omnia
2283 2812 2675 2897 assignanda

225 2940 360 2981 esse
416 2918 614 2983 verba
671 2941 834 3002 quae
889 2923 1206 2983 vocantur
1263 2918 1656 3001 deponentia
1712 2918 2219 2982 luculentissimo
2276 2918 2443 2982 sunt‘
2482 2918 2671 2984 docu-

227 3028 458 3088 mento'.
541 3025 651 3088 sed
698 3026 828 3089 iam
877 3025 1346 3108 antiquissimis
1394 3024 1792 3107 temporibus
1831 3045 1943 3088 eae
1991 3024 2235 3089 formae
2282 3045 2417 3088 non
2464 3025 2672 3089 solum

228 3129 306 3190 ad
333 3150 478 3191 eum
507 3133 828 3215 spectant,
867 3132 975 3215 qui
1005 3131 1248 3215 aliquid
1276 3131 1432 3212 fecit
1459 3132 1560 3196 vel
1600 3131 1969 3195 etiamnunc
1998 3131 2174 3215 facit,
2215 3130 2327 3194 sed
2357 3131 2553 3195 etiam
2587 3132 2668 3195 ad

230 3255 372 3297 eum
384 3284 401 3315 ,
459 3235 569 3317 qui
615 3238 853 3319 aliquid
899 3240 1176 3321 patitur,
1233 3240 1332 3303 vel
1389 3239 1470 3303 ad
1516 3238 1610 3321 id,
1666 3239 1734 3302 in
1782 3260 1905 3321 quo
1964 3238 2133 3302 actio
2189 3238 2292 3320 fit,
2348 3238 2438 3301 sic
2492 3239 2673 3303 datas

225 3362 358 3403 11011
404 3340 459 3403 is
509 3344 635 3425 est,
690 3343 797 3427 qui
844 3343 1042 3427 dedit,
1100 3345 1212 3408 sed
1257 3346 1367 3430 qui
1425 3345 1612 3409 datus
1662 3347 1787 3428 est,
1845 3344 1948 3408 vel
1993 3345 2241 3428 potius,
2298 3345 2407 3429 qui
2466 3344 2673 3427 datur,

225 3470 373 3511 nam
420 3469 501 3511 ne
549 3450 882 3531 praeteriti
941 3452 1197 3535 quidem
1253 3452 1562 3535 temporis
1618 3452 1797 3516 notio
1846 3474 2098 3536 semper
2153 3451 2255 3515 his
2312 3452 2669 3535 participiis

225 3555 457 3638 inerat,
502 3556 609 3619 vix
655 3559 728 3619 ut
773 3578 1085 3641 erremuS,
1141 3559 1196 3622 si
1242 3581 1364 3622 usu
1411 3558 1764 3640 syntactico
1820 3557 2138 3640 paulatim
2194 3579 2271 3620 ea
2326 3561 2469 3621 orta
2528 3580 2668 3621 esse

225 3660 524 3725 dicamUS.
598 3662 796 3746 quid?
843 3665 1185 3747 participia
1221 3687 1366 3729 cum
1405 3664 1504 3729 sui
1550 3664 1707 3727 iuris
1756 3664 2073 3728 vocabula
2118 3686 2252 3728 non
2289 3666 2506 3728 essent
2550 3686 2668 3729 nec

225 3768 356 3831 sine
404 3768 600 3832 verbo
648 3770 832 3833 finito
881 3771 1156 3855 cogitari
1217 3773 1510 3854 possent,
1565 3791 1779 3833 nonne
1827 3773 2336 3834 consentaneum
2395 3773 2557 3853 erat,
2614 3770 2669 3833 si

224 3874 578 3938 sexcenties
621 3874 702 3937 ad
741 3876 1006 3941 verbum
1048 3877 1303 3940 finitum
1349 3876 1683 3958 praeteriti
1730 3876 2043 3959 temporis
2082 3876 2479 3959 accederent,
2526 3877 2670 3959 ipsa

224 4001 472 4063 quoque
537 3980 704 4047 hanc
770 3984 1316 4067 significationem
1380 3986 1709 4065 postremo
1774 3982 2109 4045 induisse?
2220 3982 2437 4066 itaque
2504 4004 2666 4065 quae

223 4084 444 4149 Graeci
491 4087 986 4172 significationis
1032 4089 1402 4172 temporalis
1447 4088 1821 4153 discrimina
1867 4088 2060 4152 variis
2108 4087 2332 4153 formis
2371 4092 2665 4151 accurate

221 4192 572 4257 describere
609 4198 942 4279 poterant,
988 4217 1064 4259 ea
1091 4194 1369 4259 Romani
1406 4198 1588 4258 tanta
1624 4196 1981 4259 formarum
2021 4196 2336 4259 varietate
2376 4194 2667 4259 destituti

223 4299 329 4362 uni
368 4299 700 4383 eidemque
747 4303 1088 4386 participio
1129 4292 1460 4386 assignare
1512 4302 1720 4365 coacti
1767 4306 1969 4367 erant.
2045 4324 2207 4388 quae
2254 4304 2311 4367 si
2356 4305 2665 4381 tenemuS,

225 4426 348 4468 non
417 4406 822 4490 mirabimur,
887 4407 1080 4472 modo
1146 4408 1504 4490 praesentis
1568 4409 1835 4472 notione
1900 4410 2243 4493 participia
2308 4408 2539 4473 suffixo
2606 4415 2663 4473 to

225 4512 563 4577 terminata
618 4513 745 4597 uti,
797 4513 988 4578 modo
1049 4513 1303 4597 aoristi,
1361 4513 1550 4579 niodo
1609 4513 1905 4597 perfecti3
1958 4536 2197 4579 nomen
2253 4519 2469 4579 autem
2524 4510 2660 4598 per-

222 4617 370 4681 fecti
414 4620 658 4702 passivi
709 4642 786 4683 ex
831 4643 954 4685 usu
1001 4620 1277 4684 maxime
1325 4620 1589 4705 vulgato
1637 4622 1850 4684 ortum
1899 4623 2013 4684 est.
