3303 5235
1155 305 1160 313 '
1210 305 1506 375 Appendix
1543 305 1751 360 critica.
2582 304 2707 369 137

268 472 445 536 tiam
507 492 766 535 eorum
825 471 1372 535 consultarent
1428 491 1509 532 ac
1564 469 2013 533 verberibus
2072 490 2185 552 qu.
2233 466 2419 553 squ.)
2487 473 2712 533 nostra

268 577 574 661 expositio
609 578 852 662 optime
870 577 1220 661 probatur.
1285 599 1435 640 nam
1465 598 1607 642 cum
1646 580 1959 660 tanquam
1996 578 2252 658 praeter
2288 576 2710 659 voluntatem,

267 685 428 770 quod
473 707 700 749 verum
747 689 872 768 est,
940 684 1180 750 sentiat
1225 685 1432 768 magis
1489 706 1685 768 quam
1740 683 2115 767 perspiciat,
2172 682 2487 746 enuntiati
2541 684 2710 766 parti

266 791 468 856 alteri:
533 792 622 856 sie
677 792 880 858 lassen
944 791 1072 856 sich
1121 789 1294 856 nieht
1345 790 1576 854 einmal
1629 789 1751 870 asaf
1800 790 1975 854 einen
2028 787 2423 872 reqeh‘eehten
2464 774 2711 870 process

261 899 372 964 mit
412 899 547 964 dem
585 902 891 980 patronus
946 898 1048 962 eiii
1107 892 1208 981 (ut
1250 917 1332 960 ne
1371 917 1578 979 aequo
1626 946 1640 960 .
1683 946 1697 960 .
1736 945 1749 960 .
1788 945 1803 958 .
1852 891 2145 980 agerent)
2202 895 2509 978 opposuit
2554 896 2707 960 alte-

260 1027 420 1070 ram:
477 1006 745 1070 sonde‘m
797 1003 1026 1070 drohen
1091 1003 1224 1068 ihm
1283 1003 1400 1067 mit
1451 1002 1737 1085 schliiyen
1797 998 2198 1086 (verberibus
2254 1023 2483 1067 manus
2538 1004 2709 1068 ultro

258 1109 710 1197 intenderent),
755 1111 923 1176 falso
957 1114 1176 1174 tamen
1218 1108 1578 1194 praemittit
1619 1145 1695 1155 —
1746 1109 1812 1173 id
1860 1109 2029 1193 quod
2076 1130 2152 1172 ex
2200 1108 2337 1173 eius
2385 1111 2711 1174 sententia

259 1219 576 1283 enuntiati
621 1217 823 1302 priori
867 1217 1042 1300 parti
1089 1217 1328 1300 opponi
1376 1215 1624 1298 debuit,
1674 1216 1785 1280 sed
1825 1215 1997 1300 quod
2042 1214 2281 1300 opponi
2320 1237 2453 1281 non
2489 1219 2710 1300 potest

257 1361 341 1371 —
385 1325 861 1390 sententiam
907 1345 1168 1388 eorum
1216 1322 1777 1388 consultarent.

427 1431 609 1496 Haec
667 1430 996 1496 sufficiant
1051 1431 1133 1496 ad
1191 1430 1548 1495 sententias
1595 1429 2123 1515 Bezzenbergeri,
2180 1428 2454 1513 Sirkeri,
2507 1428 2707 1494 Drac-

259 1542 392 1625 geri
438 1538 835 1604 refutandas.
913 1538 1045 1602 iam
1101 1536 1392 1602 venimus
1439 1537 1520 1602 ad
1566 1535 2080 1621 Nipperdeyum,
2136 1535 2247 1620 qui
2301 1535 2397 1601 ita
2454 1537 2710 1603 scribit:

257 1648 388 1711 ille
433 1669 532 1712 an
579 1648 850 1712 auctor
895 1644 1494 1710 constitutionis
1541 1644 1783 1710 fieret
1827 1663 1990 1708 cum
2044 1643 2247 1708 inter
2299 1665 2591 1728 paucos
2636 1649 2711 1710 et

255 1753 694 1820 sententiae
751 1751 1101 1816 diversos
1147 1751 1635 1816 consultaret
1693 1750 2149 1834 quibusdam
2204 1750 2571 1816 coalitam
2617 1753 2708 1816 li-

253 1862 560 1926 bertate
614 1857 1210 1924 irreverentiam
1266 1879 1350 1923 eo
1406 1856 1851 1941 prorupisse
1914 1856 2426 1922 frementibus
2482 1861 2565 1923 ut
2617 1881 2709 1924 ne

257 1989 488 2052 aequo
551 1965 850 2051 quidem
899 1986 1061 2028 cum
1116 1963 1470 2048 patronis
1525 1963 1691 2028 iure
1749 1966 2074 2048 agerent
2120 1986 2202 2028 ac
2258 1964 2707 2029 verberibus

256 2096 520 2138 manus
557 2073 765 2138 ultro
803 2069 1307 2135 intenderant
1345 2071 1816 2135 sententiam
1854 2093 1938 2135 eo
1985 2071 2358 2155 impulere
2404 2073 2487 2135 ut
2531 2094 2708 2160 pqe-

253 2204 414 2246 nam
460 2178 958 2246 sanciendam
1013 2177 1391 2241 suaderet.
1475 2180 1667 2261 atque
1713 2177 1873 2242 haec
1928 2177 2203 2243 mutatio
2252 2182 2325 2243 ut
2378 2181 2708 2244 taceamus

256 2289 328 2352 de
368 2287 586 2354 verbis
625 2286 931 2353 audacius
971 2285 1274 2350 correctis
1313 2287 1378 2348 et
1412 2284 1831 2367 transpositis
1876 2285 2108 2350 falsam
2144 2285 2463 2350 rationem
2501 2284 2709 2350 Taciti

256 2394 446 2460 infert
496 2393 876 2460 narrationi.
935 2414 1113 2478 ‚nam
1157 2390 1258 2456 illi
1300 2391 1721 2457 frementes
1781 2390 2093 2476 principis
2140 2392 2531 2456 sententiam
2574 2413 2710 2456 non

259 2504 383 2566 tam
432 2523 514 2567 eo
562 2500 903 2584 impulere,
959 2502 1031 2563 ut
1077 2520 1351 2583 poenam
1409 2497 1825 2562 sanciendam
1874 2498 2196 2583 suaderet,
2252 2503 2327 2563 ut
2382 2499 2707 2564 contraria

271 2607 580 2681 sententia
636 2606 896 2673 valeret.
981 2604 1060 2670 cf.
1107 2628 1156 2670 c.
1204 2605 1288 2670 27
1346 2603 1753 2671 disserebatur
1804 2610 2021 2671 contra
2064 2628 2408 2689 paucorum
2463 2607 2707 2689 culpam

260 2715 404 2795 ipsis
456 2715 782 2780 exitiosam
827 2734 950 2779 esse
1004 2713 1208 2779 debere
1259 2713 1420 2778 nihil
1471 2714 1898 2778 universorum
1952 2715 2087 2778 iuri
2138 2716 2572 2798 deroyandum.
2626 2753 2700 2763 —

256 2820 363 2885 ib.:
408 2822 555 2885 haec
597 2822 898 2886 sententia
941 2822 1133 2886 voluit
1173 2822 1536 2903 scripsitque
1581 2818 1814 2886 Caesar
1858 2822 2101 2886 senatui
2134 2822 2441 2903 privatim
2486 2843 2704 2905 expen-

251 2928 462 2992 derent
505 2947 754 2993 eausam
812 2928 1164 2992 libertorum
1207 2930 1484 3010 quotiens
1536 2949 1578 2991 a
1611 2929 1905 3009 patronis
1949 2932 2380 3013 arquerenbur,
2436 2929 2507 2993 in
2551 2950 2705 2995 eom-

253 3054 434 3098 mune
479 3033 643 3099 nihil
687 3035 1062 3117 deroqarent.

431 3138 598 3205 Cum
637 3145 852 3205 autem
901 3141 1246 3224 enuntiati,
1294 3140 1370 3204 de
1423 3161 1549 3225 quo
1589 3140 1833 3224 agitur,
1870 3144 2223 3204 extremam
2262 3162 2513 3226 quoque
2558 3164 2704 3225 par-

253 3251 382 3313 tem
435 3282 522 3293 -—
571 3248 944 3331 impulere
990 3250 1112 3312 vel
1157 3270 1478 3331 poenam
1527 3270 1737 3312 suam
1792 3245 2331 3312 dissuadentes
2386 3284 2463 3293 -
2515 3250 2703 3313 muti-

259 3355 388 3419 lam
437 3375 581 3419 esse
629 3357 906 3437 constet,
963 3354 1113 3437 quid
1160 3354 1284 3418 viri
1330 3354 1503 3419 docti
1549 3354 1837 3419 iudicent
1884 3354 1961 3419 de
2008 3376 2083 3419 ea
2129 3354 2537 3420 disseramus.
2631 3379 2704 3421 ac

258 3462 366 3543 qui
413 3459 678 3525 omuino
737 3459 1116 3524 emendandi
1162 3459 1518 3542 periculum
1574 3459 1866 3525 fecerunt
1920 3464 2034 3525 aut
2078 3460 2516 3527 coniecerunt:
2570 3463 2703 3527 im-

251 3589 443 3650 pune
495 3567 657 3630 fere
695 3568 814 3631 vel
859 3587 1180 3650 poenam
1221 3588 1430 3630 suam
1468 3567 2013 3632 dissuadentes
2061 3572 2175 3632 aut
2208 3590 2366 3633 voce
2405 3569 2704 3633 dissua-

257 3673 524 3740 dentes
571 3673 816 3739 reiecta
859 3674 1164 3757 impune
1225 3674 1384 3737 fere
1431 3673 1550 3739 vel
1606 3695 1927 3757 poenam
1983 3697 2191 3739 suam
2239 3675 2528 3741 derisui
2574 3675 2703 3741 ha-

254 3781 522 3846 bentes
571 3784 685 3845 aut
731 3780 900 3865 quod
948 3779 1217 3844 eundem
1265 3781 1532 3864 praebet
1578 3802 1868 3846 sensum:
1932 3782 2239 3865 impune
2293 3783 2411 3846 vel
2461 3806 2705 3866 poena

252 3908 386 3952 sua
433 3887 878 3972 gaudentes.

429 3993 622 4058 Hunc
666 3994 731 4057 in
770 3993 1057 4077 modum,
1106 4017 1232 4077 quo
1279 3994 1417 4058 iure
1463 3993 1588 4059 viri
1635 3993 1810 4059 docti
1848 3998 1913 4057 et
1958 3994 2345 4059 retinuerint
2391 3999 2455 4061 et
2500 4001 2707 4063 muta-

247 4101 410 4185 rint,
467 4100 802 4185 perspicue
851 4101 1240 4184 explicatum
1289 4104 1412 4165 est:
1474 4103 1703 4184 restat,
1759 4104 1833 4165 ut
1887 4100 2201 4186 dicamus,
2261 4124 2425 4187 quae
2478 4107 2704 4167 nostra

253 4207 340 4271 sit
379 4208 718 4273 sententia.
794 4209 986 4292 atque
1025 4207 1104 4273 ad
1143 4207 1450 4291 ineptias,
1499 4207 1729 4291 quibus
1766 4208 2079 4291 plurimae
2116 4208 2307 4273 huius
2344 4209 2472 4275 loci
2508 4209 2704 4273 inter—

249 4314 652 4397 pretationes
718 4313 1044 4398 laborant,
1111 4314 1502 4379 amovendas
1567 4314 2017 4398 proponimus:
2076 4315 2209 4380 ille
2276 4338 2371 4380 an
2432 4320 2703 4381 auctor

250 4418 849 4486 constitutionis
914 4420 1142 4485 fieret
1197 4420 1591 4485 consuluit
1654 4420 1859 4485 inter
1922 4443 2207 4506 paucos
2269 4422 2337 4484 ei
2392 4425 2702 4487 senten-

250 4526 414 4589 tiae
467 4526 832 4591 adversos
898 4526 1352 4610 quibusdam
1409 4526 1775 4590 coalitam
1837 4527 2208 4590 libertate
2272 4526 2701 4591 irreveren-

249 4631 442 4695 tiam
487 4655 570 4697 eo
618 4632 1066 4715 prorupisse
1122 4633 1659 4714 frementibus,
1716 4636 1799 4696 ut
1852 4654 1988 4696 nec
2042 4632 2191 4695 iam
2248 4652 2487 4715 aequo
2536 4652 2694 4695 cum

359 4753 527 4805 nanu,
556 4756 611 4794 de
638 4755 981 4804 participiorum
1011 4767 1109 4797 usu.
2164 4750 2276 4804 9²¹⁸*
