<?xml version="1.0" encoding="UTF-8"?>
<!DOCTYPE html PUBLIC "-//W3C//DTD XHTML 1.0 Transitional//EN"
    "http://www.w3.org/TR/xhtml1/DTD/xhtml1-transitional.dtd">
<html xmlns="http://www.w3.org/1999/xhtml" xml:lang="en" lang="en">
 <head>
  <title>
</title>
<meta http-equiv="Content-Type" content="text/html;charset=utf-8" />
  <meta name='ocr-system' content='tesseract 3.04.00' />
  <meta name='ocr-capabilities' content='ocr_page ocr_carea ocr_par ocr_line ocrx_word'/>
</head>
<body>
  <div class='ocr_page' id='page_1' title='image "./quaestionessynt01helmgoog_0076.png"; bbox 0 0 3303 5235; ppageno 0'>
   <div class='ocr_carea' id='block_1_1' title="bbox 569 303 1944 374">
    <p class='ocr_par' dir='ltr' id='par_1_1' title="bbox 569 303 1944 374">
     <span class='ocr_line' id='line_1_1' title="bbox 569 303 1944 374; baseline -0.001 -15"><span class='ocrx_word' id='word_1_1' title='bbox 569 308 654 370; x_wconf 85' lang='lat'><strong><em>88</em></strong></span> <span class='ocrx_word' id='word_1_2' title='bbox 1635 303 1816 374; x_wconf 85' lang='lat' dir='ltr'><strong><em>Caput</em></strong></span> <span class='ocrx_word' id='word_1_3' title='bbox 1850 303 1944 358; x_wconf 90' lang='lat' dir='ltr'><strong><em>IV.</em></strong></span> 
     </span>
    </p>
   </div>
   <div class='ocr_carea' id='block_1_2' title="bbox 566 460 3051 3225">
    <p class='ocr_par' dir='ltr' id='par_1_2' title="bbox 566 460 3051 3225">
     <span class='ocr_line' id='line_1_2' title="bbox 569 460 3039 554; baseline -0.001 -20"><span class='ocrx_word' id='word_1_4' title='bbox 569 470 600 533; x_wconf 95' lang='grc' dir='ltr'><strong>Ι</strong></span> <span class='ocrx_word' id='word_1_5' title='bbox 610 521 628 554; x_wconf 90' lang='grc'>,</span> <span class='ocrx_word' id='word_1_6' title='bbox 659 471 742 534; x_wconf 82' lang='grc'><strong><em>70</em></strong></span> <span class='ocrx_word' id='word_1_7' title='bbox 791 460 1199 534; x_wconf 80' lang='lat' dir='ltr'><strong><em>Germanicus</em></strong></span> <span class='ocrx_word' id='word_1_8' title='bbox 1245 469 1548 551; x_wconf 72' lang='lat' dir='ltr'><strong><em>leyionum</em></strong></span> <span class='ocrx_word' id='word_1_9' title='bbox 1595 518 1609 531; x_wconf 94' lang='lat'><strong><em>.</em></strong></span> <span class='ocrx_word' id='word_1_10' title='bbox 1649 517 1663 531; x_wconf 94' lang='lat'><strong><em>.</em></strong></span> <span class='ocrx_word' id='word_1_11' title='bbox 1703 517 1717 530; x_wconf 94' lang='lat'><strong><em>.</em></strong></span> <span class='ocrx_word' id='word_1_12' title='bbox 1760 471 2091 534; x_wconf 90' lang='lat' dir='ltr'><strong><em>secundam</em></strong></span> <span class='ocrx_word' id='word_1_13' title='bbox 2134 476 2193 535; x_wconf 92' lang='lat' dir='ltr'><strong><em>et</em></strong></span> <span class='ocrx_word' id='word_1_14' title='bbox 2234 475 2525 554; x_wconf 77' lang='lat' dir='ltr'><strong><em>quartam</em></strong></span> <span class='ocrx_word' id='word_1_15' title='bbox 2558 472 2855 536; x_wconf 77' lang='lat' dir='ltr'><strong><em>decimam</em></strong></span> <span class='ocrx_word' id='word_1_16' title='bbox 2891 468 3039 532; x_wconf 84' lang='lat' dir='ltr'><strong><em>Pu-</em></strong></span> 
     </span>
     <span class='ocr_line' id='line_1_3' title="bbox 571 574 3039 659; baseline -0.002 -17"><span class='ocrx_word' id='word_1_17' title='bbox 571 578 692 642; x_wconf 85' lang='lat' dir='ltr'><strong><em>blio</em></strong></span> <span class='ocrx_word' id='word_1_18' title='bbox 763 576 1007 642; x_wconf 87' lang='lat' dir='ltr'><strong><em>Vitellio</em></strong></span> <span class='ocrx_word' id='word_1_19' title='bbox 1061 575 1366 640; x_wconf 87' lang='lat' dir='ltr'><strong><em>ducendas</em></strong></span> <span class='ocrx_word' id='word_1_20' title='bbox 1419 575 1628 640; x_wconf 83' lang='lat' dir='ltr'><strong><em>tradit.</em></strong></span> <span class='ocrx_word' id='word_1_21' title='bbox 1720 574 1831 657; x_wconf 93' lang='lat' dir='ltr'><strong><em>IV,</em></strong></span> <span class='ocrx_word' id='word_1_22' title='bbox 1878 576 1965 640; x_wconf 79' lang='lat'><strong><em>22</em></strong></span> <span class='ocrx_word' id='word_1_23' title='bbox 2026 599 2169 644; x_wconf 89' lang='lat' dir='ltr'><strong><em>reus</em></strong></span> <span class='ocrx_word' id='word_1_24' title='bbox 2217 579 2462 659; x_wconf 79' lang='lat' dir='ltr'><strong><em>frustra</em></strong></span> <span class='ocrx_word' id='word_1_25' title='bbox 2516 581 2799 659; x_wconf 79' lang='lat' dir='ltr'><strong><em>temptato</em></strong></span> <span class='ocrx_word' id='word_1_26' title='bbox 2852 576 3039 656; x_wconf 80' lang='lat' dir='ltr'><strong><em>ferro</em></strong></span> 
     </span>
     <span class='ocr_line' id='line_1_4' title="bbox 569 673 3043 766; baseline -0.002 -17"><span class='ocrx_word' id='word_1_27' title='bbox 569 703 755 749; x_wconf 85' lang='lat' dir='ltr'><strong><em>venas</em></strong></span> <span class='ocrx_word' id='word_1_28' title='bbox 787 682 1080 765; x_wconf 88' lang='lat' dir='ltr'><strong><em>praebuit</em></strong></span> <span class='ocrx_word' id='word_1_29' title='bbox 1121 681 1532 746; x_wconf 72' lang='lat' dir='ltr'><strong><em>exsolvendas</em></strong></span> <span class='ocrx_word' id='word_1_30' title='bbox 1613 673 1789 764; x_wconf 89' lang='lat' dir='ltr'>XIV,</span> <span class='ocrx_word' id='word_1_31' title='bbox 1826 682 1914 746; x_wconf 90' lang='lat'><strong><em>44</em></strong></span> <span class='ocrx_word' id='word_1_32' title='bbox 1959 685 2071 748; x_wconf 74' lang='lat' dir='ltr'><strong><em>etsi</em></strong></span> <span class='ocrx_word' id='word_1_33' title='bbox 2114 705 2280 750; x_wconf 86' lang='lat' dir='ltr'><strong><em>nunc</em></strong></span> <span class='ocrx_word' id='word_1_34' title='bbox 2302 687 2585 766; x_wconf 84' lang='lat' dir='ltr'><strong><em>primum</em></strong></span> <span class='ocrx_word' id='word_1_35' title='bbox 2628 683 3043 748; x_wconf 84' lang='lat' dir='ltr'><strong><em>statuendum</em></strong></span> 
     </span>
     <span class='ocr_line' id='line_1_5' title="bbox 570 786 3044 873; baseline -0.002 -16"><span class='ocrx_word' id='word_1_36' title='bbox 570 791 942 857; x_wconf 75' lang='lat' dir='ltr'><strong><em>haberemus.</em></strong></span> <span class='ocrx_word' id='word_1_37' title='bbox 1005 786 1151 872; x_wconf 85' lang='lat' dir='ltr'>XII,</span> <span class='ocrx_word' id='word_1_38' title='bbox 1179 787 1221 852; x_wconf 84' lang='lat'>5</span> <span class='ocrx_word' id='word_1_39' title='bbox 1257 809 1364 852; x_wconf 81' lang='lat' dir='ltr'><strong><em>nec</em></strong></span> <span class='ocrx_word' id='word_1_40' title='bbox 1400 793 1542 852; x_wconf 86' lang='lat' dir='ltr'><strong><em>ante</em></strong></span> <span class='ocrx_word' id='word_1_41' title='bbox 1567 789 1799 852; x_wconf 88' lang='lat' dir='ltr'><strong><em>omissa</em></strong></span> <span class='ocrx_word' id='word_1_42' title='bbox 1826 791 2128 856; x_wconf 80' lang='lat' dir='ltr'><strong><em>cunctatio</em></strong></span> <span class='ocrx_word' id='word_1_43' title='bbox 2162 812 2352 873; x_wconf 89' lang='lat' dir='ltr'><strong><em>quam</em></strong></span> <span class='ocrx_word' id='word_1_44' title='bbox 2391 791 2671 857; x_wconf 77' lang='lat' dir='ltr'><em>Vitellius</em></span> <span class='ocrx_word' id='word_1_45' title='bbox 2702 790 2836 854; x_wconf 89' lang='lat' dir='ltr'><strong><em>suis</em></strong></span> <span class='ocrx_word' id='word_1_46' title='bbox 2871 789 3044 854; x_wconf 87' lang='lat' dir='ltr'><strong><em>arti-</em></strong></span> 
     </span>
     <span class='ocr_line' id='line_1_6' title="bbox 571 893 3045 981; baseline -0.002 -18"><span class='ocrx_word' id='word_1_47' title='bbox 571 899 682 964; x_wconf 91' lang='lat' dir='ltr'><strong><em>bus</em></strong></span> <span class='ocrx_word' id='word_1_48' title='bbox 725 899 795 962; x_wconf 89' lang='lat' dir='ltr'><strong><em>id</em></strong></span> <span class='ocrx_word' id='word_1_49' title='bbox 815 896 1301 980; x_wconf 86' lang='lat' dir='ltr'><strong><em>perpetrandum</em></strong></span> <span class='ocrx_word' id='word_1_50' title='bbox 1333 895 1618 976; x_wconf 85' lang='lat' dir='ltr'><strong><em>sumpsit.</em></strong></span> <span class='ocrx_word' id='word_1_51' title='bbox 1700 893 1851 958; x_wconf 84' lang='lat' dir='ltr'><strong><em>hist.</em></strong></span> <span class='ocrx_word' id='word_1_52' title='bbox 1880 893 1939 978; x_wconf 98' lang='grc' dir='ltr'><strong><em>Ι,</em></strong></span> <span class='ocrx_word' id='word_1_53' title='bbox 1968 896 2056 960; x_wconf 82' lang='lat'><strong><em>25</em></strong></span> <span class='ocrx_word' id='word_1_54' title='bbox 2101 917 2407 981; x_wconf 77' lang='lat' dir='ltr'><strong><em>suscepere</em></strong></span> <span class='ocrx_word' id='word_1_55' title='bbox 2442 899 2562 963; x_wconf 82' lang='lat' dir='ltr'><strong><em>duo</em></strong></span> <span class='ocrx_word' id='word_1_56' title='bbox 2599 897 3045 979; x_wconf 65' lang='lat' dir='ltr'><strong><em>manipulares</em></strong></span> 
     </span>
     <span class='ocr_line' id='line_1_7' title="bbox 571 1001 3045 1088; baseline -0.002 -18"><span class='ocrx_word' id='word_1_57' title='bbox 571 1005 900 1088; x_wconf 85' lang='lat' dir='ltr'><strong><em>imperium</em></strong></span> <span class='ocrx_word' id='word_1_58' title='bbox 946 1003 1164 1087; x_wconf 86' lang='lat' dir='ltr'><strong><em>populi</em></strong></span> <span class='ocrx_word' id='word_1_59' title='bbox 1215 1002 1494 1068; x_wconf 89' lang='lat' dir='ltr'><strong><em>Romani</em></strong></span> <span class='ocrx_word' id='word_1_60' title='bbox 1547 1001 2059 1082; x_wconf 82' lang='lat' dir='ltr'><strong><em>transferendum.</em></strong></span> <span class='ocrx_word' id='word_1_61' title='bbox 2151 1004 2209 1088; x_wconf 90' lang='lat' dir='ltr'><strong><em>I,</em></strong></span> <span class='ocrx_word' id='word_1_62' title='bbox 2262 1005 2343 1070; x_wconf 88' lang='lat'><strong><em>15</em></strong></span> <span class='ocrx_word' id='word_1_63' title='bbox 2406 1005 2568 1070; x_wconf 90' lang='lat' dir='ltr'><strong><em>nihil</em></strong></span> <span class='ocrx_word' id='word_1_64' title='bbox 2614 1003 3045 1085; x_wconf 82' lang='lat' dir='ltr'><strong><em>praeteritum</em></strong></span> 
     </span>
     <span class='ocr_line' id='line_1_8' title="bbox 571 1109 3043 1194; baseline -0.002 -17"><span class='ocrx_word' id='word_1_65' title='bbox 571 1113 986 1178; x_wconf 72' lang='lat' dir='ltr'><strong><em>eaecusandum</em></strong></span> <span class='ocrx_word' id='word_1_66' title='bbox 1019 1111 1262 1177; x_wconf 77' lang='lat' dir='ltr'><strong><em>habeas.</em></strong></span> <span class='ocrx_word' id='word_1_67' title='bbox 1332 1109 1426 1192; x_wconf 86' lang='grc' dir='ltr'><strong><em>ΙΙ,</em></strong></span> <span class='ocrx_word' id='word_1_68' title='bbox 1465 1110 1504 1173; x_wconf 89' lang='lat'>9</span> <span class='ocrx_word' id='word_1_69' title='bbox 1547 1109 1873 1174; x_wconf 74' lang='lat' dir='ltr'><strong><em>Galatiam</em></strong></span> <span class='ocrx_word' id='word_1_70' title='bbox 1908 1109 2338 1193; x_wconf 70' lang='lat' dir='ltr'><strong><em>Pamphiliafm</em></strong></span> <span class='ocrx_word' id='word_1_71' title='bbox 2362 1111 2721 1194; x_wconf 82' lang='lat' dir='ltr'><strong><em>provincias</em></strong></span> <span class='ocrx_word' id='word_1_72' title='bbox 2758 1109 3043 1192; x_wconf 62' lang='lat' dir='ltr'><strong><em>Gahour-</em></strong></span> 
     </span>
     <span class='ocr_line' id='line_1_9' title="bbox 572 1215 3042 1301; baseline -0.002 -16"><span class='ocrx_word' id='word_1_73' title='bbox 572 1221 678 1285; x_wconf 92' lang='lat' dir='ltr'><strong><em>nio</em></strong></span> <span class='ocrx_word' id='word_1_74' title='bbox 723 1220 1064 1301; x_wconf 72' lang='lat' dir='ltr'><strong><em>Asprenati</em></strong></span> <span class='ocrx_word' id='word_1_75' title='bbox 1107 1219 1401 1300; x_wconf 80' lang='lat' dir='ltr'><strong><em>reqendas</em></strong></span> <span class='ocrx_word' id='word_1_76' title='bbox 1447 1215 1655 1282; x_wconf 76' lang='lat' dir='ltr'><strong><em>Galba</em></strong></span> <span class='ocrx_word' id='word_1_77' title='bbox 1696 1218 2085 1298; x_wconf 76' lang='lat' dir='ltr'><strong><em>permiserat.</em></strong></span> <span class='ocrx_word' id='word_1_78' title='bbox 2173 1215 2267 1300; x_wconf 93' lang='lat' dir='ltr'><strong><em>II,</em></strong></span> <span class='ocrx_word' id='word_1_79' title='bbox 2318 1219 2399 1282; x_wconf 82' lang='lat'><strong><em>76</em></strong></span> <span class='ocrx_word' id='word_1_80' title='bbox 2442 1217 2846 1299; x_wconf 86' lang='lat' dir='ltr'><strong><em>polluendam</em></strong></span> <span class='ocrx_word' id='word_1_81' title='bbox 2878 1237 3042 1298; x_wconf 86' lang='lat' dir='ltr'><strong><em>per-</em></strong></span> 
     </span>
     <span class='ocr_line' id='line_1_10' title="bbox 574 1322 3045 1408; baseline -0.002 -15"><span class='ocrx_word' id='word_1_82' title='bbox 574 1328 951 1408; x_wconf 89' lang='lat' dir='ltr'><strong><em>dendamque</em></strong></span> <span class='ocrx_word' id='word_1_83' title='bbox 985 1323 1423 1407; x_wconf 76' lang='lat' dir='ltr'><strong><em>rempublicam</em></strong></span> <span class='ocrx_word' id='word_1_84' title='bbox 1458 1323 1813 1406; x_wconf 77' lang='lat' dir='ltr'><strong><em>relinquere.</em></strong></span> <span class='ocrx_word' id='word_1_85' title='bbox 1890 1322 2013 1408; x_wconf 93' lang='lat' dir='ltr'><strong><em>III,</em></strong></span> <span class='ocrx_word' id='word_1_86' title='bbox 2042 1323 2127 1388; x_wconf 84' lang='lat'><strong><em>56</em></strong></span> <span class='ocrx_word' id='word_1_87' title='bbox 2168 1325 2601 1390; x_wconf 88' lang='lat' dir='ltr'><strong><em>trucidandum</em></strong></span> <span class='ocrx_word' id='word_1_88' title='bbox 2636 1324 3045 1405; x_wconf 83' lang='lat' dir='ltr'><strong><em>capiendum-</em></strong></span> 
     </span>
     <span class='ocr_line' id='line_1_11' title="bbox 575 1427 3046 1516; baseline -0.001 -19"><span class='ocrx_word' id='word_1_89' title='bbox 575 1455 687 1516; x_wconf 88' lang='lat' dir='ltr'><strong><em>que</em></strong></span> <span class='ocrx_word' id='word_1_90' title='bbox 742 1432 1016 1497; x_wconf 79' lang='lat' dir='ltr'><strong><em>tradidit.</em></strong></span> <span class='ocrx_word' id='word_1_91' title='bbox 1094 1428 1219 1512; x_wconf 90' lang='grc' dir='ltr'>ΙΙΙ,</span> <span class='ocrx_word' id='word_1_92' title='bbox 1265 1429 1354 1494; x_wconf 88' lang='lat'><strong><em>40</em></strong></span> <span class='ocrx_word' id='word_1_93' title='bbox 1409 1449 1522 1511; x_wconf 87' lang='lat' dir='ltr'><strong><em>per</em></strong></span> <span class='ocrx_word' id='word_1_94' title='bbox 1583 1449 1735 1512; x_wconf 89' lang='lat' dir='ltr'><strong><em>quos</em></strong></span> <span class='ocrx_word' id='word_1_95' title='bbox 1786 1427 1902 1513; x_wconf 88' lang='lat' dir='ltr'><strong><em>(sc.</em></strong></span> <span class='ocrx_word' id='word_1_96' title='bbox 1950 1427 2473 1514; x_wconf 78' lang='lat' dir='ltr'><strong><em>commentarios)</em></strong></span> <span class='ocrx_word' id='word_1_97' title='bbox 2527 1435 2795 1495; x_wconf 87' lang='lat' dir='ltr'><strong><em>nosceret</em></strong></span> <span class='ocrx_word' id='word_1_98' title='bbox 2846 1451 3046 1512; x_wconf 87' lang='lat' dir='ltr'><strong><em>quem</em></strong></span> 
     </span>
     <span class='ocr_line' id='line_1_12' title="bbox 575 1534 3046 1624; baseline -0 -20"><span class='ocrx_word' id='word_1_99' title='bbox 575 1541 827 1624; x_wconf 88' lang='lat' dir='ltr'><strong><em>quisque</em></strong></span> <span class='ocrx_word' id='word_1_100' title='bbox 871 1537 1284 1603; x_wconf 87' lang='lat' dir='ltr'><strong><em>accusandum</em></strong></span> <span class='ocrx_word' id='word_1_101' title='bbox 1318 1536 1707 1618; x_wconf 84' lang='lat' dir='ltr'><strong><em>poposcisset.</em></strong></span> <span class='ocrx_word' id='word_1_102' title='bbox 1770 1534 1886 1621; x_wconf 91' lang='lat' dir='ltr'><strong><em>IV,</em></strong></span> <span class='ocrx_word' id='word_1_103' title='bbox 1914 1537 1995 1601; x_wconf 90' lang='lat'><strong><em>61</em></strong></span> <span class='ocrx_word' id='word_1_104' title='bbox 2039 1538 2352 1618; x_wconf 85' lang='lat' dir='ltr'><strong><em>ferebatur</em></strong></span> <span class='ocrx_word' id='word_1_105' title='bbox 2384 1536 2651 1619; x_wconf 86' lang='lat' dir='ltr'><strong><em>parvulo</em></strong></span> <span class='ocrx_word' id='word_1_106' title='bbox 2685 1537 2817 1619; x_wconf 78' lang='lat' dir='ltr'><strong><em>filio</em></strong></span> <span class='ocrx_word' id='word_1_107' title='bbox 2852 1559 3046 1620; x_wconf 86' lang='lat' dir='ltr'><strong><em>quos-</em></strong></span> 
     </span>
     <span class='ocr_line' id='line_1_13' title="bbox 577 1643 3047 1728; baseline -0 -16"><span class='ocrx_word' id='word_1_108' title='bbox 577 1649 724 1712; x_wconf 88' lang='lat' dir='ltr'><strong><em>dam</em></strong></span> <span class='ocrx_word' id='word_1_109' title='bbox 769 1646 1152 1728; x_wconf 86' lang='lat' dir='ltr'><strong><em>captivorum</em></strong></span> <span class='ocrx_word' id='word_1_110' title='bbox 1195 1643 1439 1726; x_wconf 70' lang='lat' dir='ltr'><strong><em>saqittis</em></strong></span> <span class='ocrx_word' id='word_1_111' title='bbox 1486 1643 1823 1726; x_wconf 85' lang='lat' dir='ltr'><strong><em>iaculisque</em></strong></span> <span class='ocrx_word' id='word_1_112' title='bbox 1860 1645 2316 1728; x_wconf 83' lang='lat' dir='ltr'><strong><em>puerilibusque</em></strong></span> <span class='ocrx_word' id='word_1_113' title='bbox 2366 1645 2681 1728; x_wconf 73' lang='lat' dir='ltr'><strong><em>finqendos</em></strong></span> <span class='ocrx_word' id='word_1_114' title='bbox 2724 1645 3047 1711; x_wconf 82' lang='lat' dir='ltr'><strong><em>obtulisse.</em></strong></span> 
     </span>
     <span class='ocr_line' id='line_1_14' title="bbox 578 1747 3046 1838; baseline -0.001 -19"><span class='ocrx_word' id='word_1_115' title='bbox 578 1753 690 1838; x_wconf 92' lang='lat' dir='ltr'><strong><em>IV,</em></strong></span> <span class='ocrx_word' id='word_1_116' title='bbox 737 1753 821 1817; x_wconf 85' lang='lat'><strong><em>63</em></strong></span> <span class='ocrx_word' id='word_1_117' title='bbox 880 1749 1098 1816; x_wconf 79' lang='lat' dir='ltr'><strong><em>Civilis</em></strong></span> <span class='ocrx_word' id='word_1_118' title='bbox 1142 1755 1202 1814; x_wconf 90' lang='lat' dir='ltr'><strong><em>et</em></strong></span> <span class='ocrx_word' id='word_1_119' title='bbox 1245 1747 1558 1816; x_wconf 82' lang='lat' dir='ltr'><strong><em>Classicus</em></strong></span> <span class='ocrx_word' id='word_1_120' title='bbox 1607 1799 1620 1814; x_wconf 92' lang='lat'><strong><em>.</em></strong></span> <span class='ocrx_word' id='word_1_121' title='bbox 1660 1799 1675 1814; x_wconf 93' lang='lat'><strong><em>.</em></strong></span> <span class='ocrx_word' id='word_1_122' title='bbox 1711 1801 1726 1815; x_wconf 96' lang='lat'><strong><em>.</em></strong></span> <span class='ocrx_word' id='word_1_123' title='bbox 1766 1800 1779 1814; x_wconf 93' lang='lat'><strong><em>.</em></strong></span> <span class='ocrx_word' id='word_1_124' title='bbox 1834 1771 1923 1816; x_wconf 91' lang='lat' dir='ltr'><strong><em>an</em></strong></span> <span class='ocrx_word' id='word_1_125' title='bbox 1966 1752 2269 1816; x_wconf 87' lang='lat' dir='ltr'><strong><em>coloniam</em></strong></span> <span class='ocrx_word' id='word_1_126' title='bbox 2312 1751 2830 1834; x_wconf 78' lang='lat' dir='ltr'><strong><em>Aqrippinensem</em></strong></span> <span class='ocrx_word' id='word_1_127' title='bbox 2876 1753 3046 1817; x_wconf 89' lang='lat' dir='ltr'><strong><em>diri-</em></strong></span> 
     </span>
     <span class='ocr_line' id='line_1_15' title="bbox 566 1833 3051 1944; baseline -0 -18"><span class='ocrx_word' id='word_1_128' title='bbox 566 1861 867 1944; x_wconf 74' lang='lat' dir='ltr'><strong><em>piendam</em></strong></span> <span class='ocrx_word' id='word_1_129' title='bbox 899 1833 1261 1923; x_wconf 54' lang='lat' dir='ltr'><strong><em>hawinus</em></strong></span> <span class='ocrx_word' id='word_1_130' title='bbox 1294 1857 1428 1922; x_wconf 76' lang='lat' dir='ltr'><strong><em>suis</em></strong></span> <span class='ocrx_word' id='word_1_131' title='bbox 1451 1858 1876 1938; x_wconf 68' lang='lat' dir='ltr'><strong><em>permitterwt</em></strong></span> <span class='ocrx_word' id='word_1_132' title='bbox 1908 1859 2269 1924; x_wconf 70' lang='lat' dir='ltr'><strong><em>dubitavere.</em></strong></span> <span class='ocrx_word' id='word_1_133' title='bbox 2342 1858 2457 1942; x_wconf 85' lang='lat' dir='ltr'><strong><em>IV,</em></strong></span> <span class='ocrx_word' id='word_1_134' title='bbox 2498 1861 2576 1923; x_wconf 82' lang='lat'><strong><em>77</em></strong></span> <span class='ocrx_word' id='word_1_135' title='bbox 2625 1881 2815 1942; x_wconf 67' lang='lat' dir='ltr'><strong><em>neque</em></strong></span> <span class='ocrx_word' id='word_1_136' title='bbox 2850 1861 3051 1926; x_wconf 77' lang='lat' dir='ltr'><strong><em>aliud</em></strong></span> 
     </span>
     <span class='ocr_line' id='line_1_16' title="bbox 579 1961 3043 2050; baseline -0 -17"><span class='ocrx_word' id='word_1_137' title='bbox 579 1967 994 2033; x_wconf 77' lang='lat' dir='ltr'><strong><em>excusandum</em></strong></span> <span class='ocrx_word' id='word_1_138' title='bbox 1037 1963 1239 2030; x_wconf 90' lang='lat' dir='ltr'><strong><em>habeo.</em></strong></span> <span class='ocrx_word' id='word_1_139' title='bbox 1318 1961 1558 2048; x_wconf 84' lang='lat' dir='ltr'><strong><em>dialog.</em></strong></span> <span class='ocrx_word' id='word_1_140' title='bbox 1593 1965 1632 2029; x_wconf 90' lang='lat'>8</span> <span class='ocrx_word' id='word_1_141' title='bbox 1680 1986 1839 2046; x_wconf 87' lang='lat' dir='ltr'><strong><em>quae</em></strong></span> <span class='ocrx_word' id='word_1_142' title='bbox 1884 1987 2011 2030; x_wconf 90' lang='lat' dir='ltr'><strong><em>non</em></strong></span> <span class='ocrx_word' id='word_1_143' title='bbox 2046 1968 2267 2032; x_wconf 89' lang='lat' dir='ltr'><strong><em>auditu</em></strong></span> <span class='ocrx_word' id='word_1_144' title='bbox 2300 1967 2706 2050; x_wconf 78' lang='lat' dir='ltr'><strong><em>coqnoscenda</em></strong></span> <span class='ocrx_word' id='word_1_145' title='bbox 2748 1969 2855 2032; x_wconf 86' lang='lat' dir='ltr'><strong><em>sed</em></strong></span> <span class='ocrx_word' id='word_1_146' title='bbox 2889 1987 3043 2032; x_wconf 87' lang='lat' dir='ltr'><strong><em>ocu-</em></strong></span> 
     </span>
     <span class='ocr_line' id='line_1_17' title="bbox 581 2069 3041 2156; baseline -0 -17"><span class='ocrx_word' id='word_1_147' title='bbox 581 2075 659 2140; x_wconf 88' lang='lat' dir='ltr'><strong><em>lis</em></strong></span> <span class='ocrx_word' id='word_1_148' title='bbox 692 2073 1020 2156; x_wconf 87' lang='lat' dir='ltr'><strong><em>spectanda</em></strong></span> <span class='ocrx_word' id='word_1_149' title='bbox 1054 2069 1424 2135; x_wconf 82' lang='lat' dir='ltr'><strong><em>haberemus.</em></strong></span> <span class='ocrx_word' id='word_1_150' title='bbox 1501 2070 1582 2135; x_wconf 90' lang='lat'><strong><em>13</em></strong></span> <span class='ocrx_word' id='word_1_151' title='bbox 1628 2071 1783 2153; x_wconf 87' lang='lat' dir='ltr'><strong><em>quid</em></strong></span> <span class='ocrx_word' id='word_1_152' title='bbox 1814 2071 2036 2138; x_wconf 88' lang='lat' dir='ltr'><strong><em>habent</em></strong></span> <span class='ocrx_word' id='word_1_153' title='bbox 2068 2075 2139 2138; x_wconf 86' lang='lat' dir='ltr'><strong><em>in</em></strong></span> <span class='ocrx_word' id='word_1_154' title='bbox 2173 2072 2289 2138; x_wconf 89' lang='lat' dir='ltr'><strong><em>hac</em></strong></span> <span class='ocrx_word' id='word_1_155' title='bbox 2320 2075 2581 2154; x_wconf 84' lang='lat' dir='ltr'><strong><em>fortuna</em></strong></span> <span class='ocrx_word' id='word_1_156' title='bbox 2615 2074 3041 2156; x_wconf 62' lang='lat' dir='ltr'><strong><em>com-twiseen-</em></strong></span> 
     </span>
     <span class='ocr_line' id='line_1_18' title="bbox 579 2176 3042 2264; baseline -0 -17"><span class='ocrx_word' id='word_1_157' title='bbox 579 2183 744 2247; x_wconf 87' lang='lat' dir='ltr'><strong><em>dum.</em></strong></span> <span class='ocrx_word' id='word_1_158' title='bbox 818 2180 904 2246; x_wconf 84' lang='lat'><strong><em>36</em></strong></span> <span class='ocrx_word' id='word_1_159' title='bbox 949 2178 1434 2262; x_wconf 85' lang='lat' dir='ltr'><strong><em>respondendum</em></strong></span> <span class='ocrx_word' id='word_1_160' title='bbox 1477 2176 1779 2244; x_wconf 90' lang='lat' dir='ltr'><strong><em>haberent.</em></strong></span> <span class='ocrx_word' id='word_1_161' title='bbox 1852 2178 2014 2244; x_wconf 94' lang='lat' dir='ltr'><strong><em>Vell.</em></strong></span> <span class='ocrx_word' id='word_1_162' title='bbox 2050 2179 2111 2264; x_wconf 94' lang='lat' dir='ltr'><strong><em>I,</em></strong></span> <span class='ocrx_word' id='word_1_163' title='bbox 2154 2181 2233 2246; x_wconf 87' lang='lat'><strong><em>13</em></strong></span> <span class='ocrx_word' id='word_1_164' title='bbox 2280 2181 2633 2246; x_wconf 85' lang='lat' dir='ltr'><strong><em>Mummius</em></strong></span> <span class='ocrx_word' id='word_1_165' title='bbox 2678 2185 2809 2245; x_wconf 88' lang='lat' dir='ltr'><strong><em>tam</em></strong></span> <span class='ocrx_word' id='word_1_166' title='bbox 2852 2182 3042 2246; x_wconf 84' lang='lat' dir='ltr'><strong><em>rudis</em></strong></span> 
     </span>
     <span class='ocr_line' id='line_1_19' title="bbox 574 2283 3040 2371; baseline 0 -19"><span class='ocrx_word' id='word_1_167' title='bbox 574 2288 705 2369; x_wconf 84' lang='lat' dir='ltr'><strong><em>fuit</em></strong></span> <span class='ocrx_word' id='word_1_168' title='bbox 744 2293 818 2352; x_wconf 89' lang='lat' dir='ltr'><strong><em>ut</em></strong></span> <span class='ocrx_word' id='word_1_169' title='bbox 859 2291 1038 2369; x_wconf 84' lang='lat' dir='ltr'><strong><em>capta</em></strong></span> <span class='ocrx_word' id='word_1_170' title='bbox 1085 2283 1376 2352; x_wconf 82' lang='lat' dir='ltr'><strong><em>Corintho</em></strong></span> <span class='ocrx_word' id='word_1_171' title='bbox 1421 2306 1560 2350; x_wconf 83' lang='lat' dir='ltr'><strong><em>cum</em></strong></span> <span class='ocrx_word' id='word_1_172' title='bbox 1595 2287 2013 2352; x_wconf 71' lang='lat' dir='ltr'><strong><em>maximorum</em></strong></span> <span class='ocrx_word' id='word_1_173' title='bbox 2050 2288 2361 2370; x_wconf 78' lang='lat' dir='ltr'><strong><em>artificum</em></strong></span> <span class='ocrx_word' id='word_1_174' title='bbox 2392 2288 2699 2371; x_wconf 74' lang='lat' dir='ltr'><strong><em>perfoetas</em></strong></span> <span class='ocrx_word' id='word_1_175' title='bbox 2742 2289 3040 2353; x_wconf 85' lang='lat' dir='ltr'><strong><em>manibus</em></strong></span> 
     </span>
     <span class='ocr_line' id='line_1_20' title="bbox 583 2392 3030 2479; baseline -0.001 -19"><span class='ocrx_word' id='word_1_176' title='bbox 583 2394 826 2460; x_wconf 84' lang='lat' dir='ltr'><strong><em>tabulas</em></strong></span> <span class='ocrx_word' id='word_1_177' title='bbox 891 2416 964 2460; x_wconf 90' lang='lat' dir='ltr'><strong><em>ac</em></strong></span> <span class='ocrx_word' id='word_1_178' title='bbox 1024 2397 1264 2458; x_wconf 82' lang='lat' dir='ltr'><strong><em>statuas</em></strong></span> <span class='ocrx_word' id='word_1_179' title='bbox 1333 2393 1403 2456; x_wconf 93' lang='lat' dir='ltr'><strong><em>in</em></strong></span> <span class='ocrx_word' id='word_1_180' title='bbox 1465 2392 1730 2458; x_wconf 88' lang='lat' dir='ltr'><strong><em>Italiam</em></strong></span> <span class='ocrx_word' id='word_1_181' title='bbox 1781 2396 2131 2476; x_wconf 80' lang='lat' dir='ltr'><strong><em>portandas</em></strong></span> <span class='ocrx_word' id='word_1_182' title='bbox 2202 2396 2439 2460; x_wconf 84' lang='lat' dir='ltr'><strong><em>locaret.</em></strong></span> <span class='ocrx_word' id='word_1_183' title='bbox 2538 2395 2570 2459; x_wconf 90' lang='lat' dir='ltr'>I</span> <span class='ocrx_word' id='word_1_184' title='bbox 2582 2446 2599 2479; x_wconf 99' lang='lat'><strong><em>,</em></strong></span> <span class='ocrx_word' id='word_1_185' title='bbox 2662 2396 2741 2460; x_wconf 89' lang='grc'><strong><em>16</em></strong></span> <span class='ocrx_word' id='word_1_186' title='bbox 2806 2416 3030 2460; x_wconf 86' lang='lat' dir='ltr'><strong><em>novam</em></strong></span> 
     </span>
     <span class='ocr_line' id='line_1_21' title="bbox 581 2496 3036 2586; baseline 0 -21"><span class='ocrx_word' id='word_1_187' title='bbox 581 2496 1036 2586; x_wconf 83' lang='lat' dir='ltr'><strong><em>(comoediam)</em></strong></span> <span class='ocrx_word' id='word_1_188' title='bbox 1083 2500 1478 2564; x_wconf 86' lang='lat' dir='ltr'><strong><em>Menandrus</em></strong></span> <span class='ocrx_word' id='word_1_189' title='bbox 1521 2501 1915 2582; x_wconf 74' lang='lat' dir='ltr'><strong><em>aequalesque</em></strong></span> <span class='ocrx_word' id='word_1_190' title='bbox 1959 2503 2089 2569; x_wconf 88' lang='lat' dir='ltr'><strong><em>eius</em></strong></span> <span class='ocrx_word' id='word_1_191' title='bbox 2134 2552 2148 2565; x_wconf 92' lang='lat'><strong><em>.</em></strong></span> <span class='ocrx_word' id='word_1_192' title='bbox 2187 2550 2201 2566; x_wconf 91' lang='lat'><strong><em>.</em></strong></span> <span class='ocrx_word' id='word_1_193' title='bbox 2240 2551 2253 2564; x_wconf 98' lang='lat'><strong><em>.</em></strong></span> <span class='ocrx_word' id='word_1_194' title='bbox 2293 2551 2306 2564; x_wconf 97' lang='lat'><strong><em>.</em></strong></span> <span class='ocrx_word' id='word_1_195' title='bbox 2353 2502 2631 2568; x_wconf 85' lang='lat' dir='ltr'><strong><em>invenere</em></strong></span> <span class='ocrx_word' id='word_1_196' title='bbox 2676 2551 2691 2566; x_wconf 92' lang='lat'><strong><em>.</em></strong></span> <span class='ocrx_word' id='word_1_197' title='bbox 2730 2549 2745 2564; x_wconf 93' lang='lat'><strong><em>.</em></strong></span> <span class='ocrx_word' id='word_1_198' title='bbox 2784 2552 2797 2566; x_wconf 97' lang='lat'><strong><em>.</em></strong></span> <span class='ocrx_word' id='word_1_199' title='bbox 2845 2523 3036 2582; x_wconf 85' lang='lat' dir='ltr'><strong><em>neque</em></strong></span> 
     </span>
     <span class='ocr_line' id='line_1_22' title="bbox 581 2602 3028 2689; baseline -0 -16"><span class='ocrx_word' id='word_1_200' title='bbox 581 2608 954 2673; x_wconf 89' lang='lat' dir='ltr'><strong><em>imitandam</em></strong></span> <span class='ocrx_word' id='word_1_201' title='bbox 1007 2606 1316 2688; x_wconf 83' lang='lat' dir='ltr'><strong><em>reliquere.</em></strong></span> <span class='ocrx_word' id='word_1_202' title='bbox 1396 2602 1490 2686; x_wconf 92' lang='grc' dir='ltr'><strong><em>ΙΙ,</em></strong></span> <span class='ocrx_word' id='word_1_203' title='bbox 1541 2605 1666 2669; x_wconf 82' lang='lat'><strong><em>124</em></strong></span> <span class='ocrx_word' id='word_1_204' title='bbox 1721 2607 1967 2671; x_wconf 89' lang='lat' dir='ltr'><strong><em>tandem</em></strong></span> <span class='ocrx_word' id='word_1_205' title='bbox 2022 2607 2221 2688; x_wconf 80' lang='lat' dir='ltr'><strong><em>maqis</em></strong></span> <span class='ocrx_word' id='word_1_206' title='bbox 2274 2607 2515 2673; x_wconf 90' lang='lat' dir='ltr'><strong><em>ratione</em></strong></span> <span class='ocrx_word' id='word_1_207' title='bbox 2565 2629 2757 2689; x_wconf 91' lang='lat' dir='ltr'><strong><em>quam</em></strong></span> <span class='ocrx_word' id='word_1_208' title='bbox 2804 2608 3028 2673; x_wconf 86' lang='lat' dir='ltr'><strong><em>honore</em></strong></span> 
     </span>
     <span class='ocr_line' id='line_1_23' title="bbox 581 2711 3020 2796; baseline -0 -16"><span class='ocrx_word' id='word_1_209' title='bbox 581 2717 774 2780; x_wconf 88' lang='lat' dir='ltr'><strong><em>victus</em></strong></span> <span class='ocrx_word' id='word_1_210' title='bbox 819 2718 908 2779; x_wconf 88' lang='lat' dir='ltr'><strong><em>est</em></strong></span> <span class='ocrx_word' id='word_1_211' title='bbox 949 2734 1086 2777; x_wconf 90' lang='lat' dir='ltr'><strong><em>cum</em></strong></span> <span class='ocrx_word' id='word_1_212' title='bbox 1129 2711 1430 2794; x_wconf 87' lang='lat' dir='ltr'><strong><em>quidquid</em></strong></span> <span class='ocrx_word' id='word_1_213' title='bbox 1482 2712 1775 2777; x_wconf 89' lang='lat' dir='ltr'><strong><em>tuendum</em></strong></span> <span class='ocrx_word' id='word_1_214' title='bbox 1819 2734 1944 2777; x_wconf 90' lang='lat' dir='ltr'><strong><em>non</em></strong></span> <span class='ocrx_word' id='word_1_215' title='bbox 1986 2715 2341 2796; x_wconf 81' lang='lat' dir='ltr'><strong><em>suscepisset</em></strong></span> <span class='ocrx_word' id='word_1_216' title='bbox 2384 2716 2740 2795; x_wconf 85' lang='lat' dir='ltr'><strong><em>periturum</em></strong></span> <span class='ocrx_word' id='word_1_217' title='bbox 2790 2715 3020 2779; x_wconf 87' lang='lat' dir='ltr'><strong><em>videret.</em></strong></span> 
     </span>
     <span class='ocr_line' id='line_1_24' title="bbox 585 2818 3030 2904; baseline 0 -18"><span class='ocrx_word' id='word_1_218' title='bbox 585 2820 738 2886; x_wconf 84' lang='lat' dir='ltr'><strong><em>Sall.</em></strong></span> <span class='ocrx_word' id='word_1_219' title='bbox 792 2819 930 2904; x_wconf 83' lang='lat' dir='ltr'><strong><em>Iug.</em></strong></span> <span class='ocrx_word' id='word_1_220' title='bbox 970 2820 1038 2902; x_wconf 90' lang='grc'><strong><em>6,</em></strong></span> <span class='ocrx_word' id='word_1_221' title='bbox 1090 2819 1121 2881; x_wconf 92' lang='grc'>1</span> <span class='ocrx_word' id='word_1_222' title='bbox 1189 2837 1316 2881; x_wconf 92' lang='lat' dir='ltr'><strong><em>non</em></strong></span> <span class='ocrx_word' id='word_1_223' title='bbox 1378 2837 1440 2881; x_wconf 92' lang='lat' dir='ltr'><strong><em>se</em></strong></span> <span class='ocrx_word' id='word_1_224' title='bbox 1504 2818 1658 2883; x_wconf 78' lang='lat' dir='ltr'><strong><em>luxu</em></strong></span> <span class='ocrx_word' id='word_1_225' title='bbox 1720 2840 1908 2901; x_wconf 79' lang='lat' dir='ltr'><strong><em>neque</em></strong></span> <span class='ocrx_word' id='word_1_226' title='bbox 1970 2822 2229 2885; x_wconf 87' lang='lat' dir='ltr'><strong><em>inertiae</em></strong></span> <span class='ocrx_word' id='word_1_227' title='bbox 2286 2823 2800 2903; x_wconf 86' lang='lat' dir='ltr'><strong><em>corrumpendum</em></strong></span> <span class='ocrx_word' id='word_1_228' title='bbox 2853 2823 3030 2887; x_wconf 71' lang='lat' dir='ltr'><strong><em>dedit.</em></strong></span> 
     </span>
     <span class='ocr_line' id='line_1_25' title="bbox 584 2924 3036 3012; baseline 0.001 -21"><span class='ocrx_word' id='word_1_229' title='bbox 584 2928 698 3011; x_wconf 86' lang='lat'><strong><em>90,</em></strong></span> <span class='ocrx_word' id='word_1_230' title='bbox 750 2928 791 2991; x_wconf 83' lang='lat'><strong><em>2</em></strong></span> <span class='ocrx_word' id='word_1_231' title='bbox 827 2945 1014 3007; x_wconf 85' lang='lat' dir='ltr'><strong><em>pecus</em></strong></span> <span class='ocrx_word' id='word_1_232' title='bbox 1057 2975 1073 3005; x_wconf 85' lang='lat'><strong><em>.·</em></strong></span> <span class='ocrx_word' id='word_1_233' title='bbox 1113 2974 1126 2989; x_wconf 93' lang='lat'><strong><em>.</em></strong></span> <span class='ocrx_word' id='word_1_234' title='bbox 1165 2974 1180 2988; x_wconf 99' lang='lat'><strong><em>.</em></strong></span> <span class='ocrx_word' id='word_1_235' title='bbox 1217 2974 1232 2988; x_wconf 99' lang='lat'><strong><em>.</em></strong></span> <span class='ocrx_word' id='word_1_236' title='bbox 1290 2924 1709 2990; x_wconf 76' lang='lat' dir='ltr'><strong><em>auxiliaribus</em></strong></span> <span class='ocrx_word' id='word_1_237' title='bbox 1754 2928 2057 3009; x_wconf 77' lang='lat' dir='ltr'><strong><em>aqendum</em></strong></span> <span class='ocrx_word' id='word_1_238' title='bbox 2110 2928 2405 2993; x_wconf 86' lang='lat' dir='ltr'><strong><em>attribuit.</em></strong></span> <span class='ocrx_word' id='word_1_239' title='bbox 2497 2927 2649 2991; x_wconf 89' lang='lat' dir='ltr'><strong><em>hist.</em></strong></span> <span class='ocrx_word' id='word_1_240' title='bbox 2694 2927 2811 3011; x_wconf 95' lang='lat' dir='ltr'><strong><em>III,</em></strong></span> <span class='ocrx_word' id='word_1_241' title='bbox 2850 2928 2955 3012; x_wconf 88' lang='lat'><strong><em>61,</em></strong></span> <span class='ocrx_word' id='word_1_242' title='bbox 2992 2930 3036 2993; x_wconf 89' lang='grc'><strong>6</strong></span> 
     </span>
     <span class='ocr_line' id='line_1_26' title="bbox 583 3034 3039 3117; baseline -0.001 -17"><span class='ocrx_word' id='word_1_243' title='bbox 583 3056 720 3099; x_wconf 88' lang='lat' dir='ltr'><strong><em>cum</em></strong></span> <span class='ocrx_word' id='word_1_244' title='bbox 774 3034 1023 3099; x_wconf 88' lang='lat' dir='ltr'><strong><em>interim</em></strong></span> <span class='ocrx_word' id='word_1_245' title='bbox 1075 3054 1241 3097; x_wconf 92' lang='lat' dir='ltr'><strong><em>more</em></strong></span> <span class='ocrx_word' id='word_1_246' title='bbox 1278 3052 1566 3115; x_wconf 89' lang='lat' dir='ltr'><strong><em>pecorum</em></strong></span> <span class='ocrx_word' id='word_1_247' title='bbox 1608 3053 1715 3099; x_wconf 87' lang='lat' dir='ltr'><strong><em>vos</em></strong></span> <span class='ocrx_word' id='word_1_248' title='bbox 1768 3034 2093 3099; x_wconf 88' lang='lat' dir='ltr'><strong><em>multitudo</em></strong></span> <span class='ocrx_word' id='word_1_249' title='bbox 2146 3035 2409 3117; x_wconf 79' lang='lat' dir='ltr'><strong><em>sinqulis</em></strong></span> <span class='ocrx_word' id='word_1_250' title='bbox 2462 3034 2765 3101; x_wconf 88' lang='lat' dir='ltr'><strong><em>habendos</em></strong></span> <span class='ocrx_word' id='word_1_251' title='bbox 2816 3034 3039 3115; x_wconf 78' lang='lat' dir='ltr'><strong><em>fruen-</em></strong></span> 
     </span>
     <span class='ocr_line' id='line_1_27' title="bbox 583 3140 1162 3225; baseline -0.005 -18"><span class='ocrx_word' id='word_1_252' title='bbox 583 3144 806 3225; x_wconf 90' lang='lat' dir='ltr'><strong><em>dosque</em></strong></span> <span class='ocrx_word' id='word_1_253' title='bbox 837 3140 1162 3224; x_wconf 87' lang='lat' dir='ltr'><strong><em>praebetis.</em></strong></span> 
     </span>
    </p>
   </div>
   <div class='ocr_carea' id='block_1_3' title="bbox 1563 3264 2046 3455">
    <p class='ocr_par' dir='ltr' id='par_1_3' title="bbox 1563 3264 2046 3455">
     <span class='ocr_line' id='line_1_28' title="bbox 1710 3264 1902 3344; baseline 0.01 -17"><span class='ocrx_word' id='word_1_254' title='bbox 1710 3267 1751 3344; x_wconf 65' lang='grc' dir='ltr'>ξ</span> <span class='ocrx_word' id='word_1_255' title='bbox 1804 3264 1902 3329; x_wconf 89' lang='grc'><strong><em>19.</em></strong></span> 
     </span>
     <span class='ocr_line' id='line_1_29' title="bbox 1563 3396 2046 3455; baseline 0.004 -2"><span class='ocrx_word' id='word_1_256' title='bbox 1563 3398 1664 3453; x_wconf 87' lang='lat' dir='ltr'><strong><em>De</em></strong></span> <span class='ocrx_word' id='word_1_257' title='bbox 1708 3396 2046 3455; x_wconf 69' lang='lat' dir='ltr'><strong><em>Ablativm</em></strong></span> 
     </span>
    </p>
   </div>
   <div class='ocr_carea' id='block_1_4' title="bbox 584 3529 3045 4469">
    <p class='ocr_par' dir='ltr' id='par_1_4' title="bbox 584 3529 3045 4469">
     <span class='ocr_line' id='line_1_30' title="bbox 762 3529 3045 3619; baseline 0.001 -24"><span class='ocrx_word' id='word_1_258' title='bbox 762 3531 1106 3595; x_wconf 84' lang='lat' dir='ltr'><strong><em>Ablativus</em></strong></span> <span class='ocrx_word' id='word_1_259' title='bbox 1155 3532 1194 3596; x_wconf 88' lang='lat' dir='ltr'><strong><em>i.</em></strong></span> <span class='ocrx_word' id='word_1_260' title='bbox 1243 3553 1294 3599; x_wconf 90' lang='lat' dir='ltr'><strong><em>e.</em></strong></span> <span class='ocrx_word' id='word_1_261' title='bbox 1354 3531 1675 3595; x_wconf 73' lang='lat' dir='ltr'><strong><em>ablativus</em></strong></span> <span class='ocrx_word' id='word_1_262' title='bbox 1723 3529 2157 3614; x_wconf 85' lang='lat' dir='ltr'><strong><em>praedicativa</em></strong></span> <span class='ocrx_word' id='word_1_263' title='bbox 2202 3532 2266 3596; x_wconf 86' lang='lat' dir='ltr'><strong><em>vi</em></strong></span> <span class='ocrx_word' id='word_1_264' title='bbox 2314 3533 2667 3597; x_wconf 86' lang='lat' dir='ltr'><strong><em>instructus</em></strong></span> <span class='ocrx_word' id='word_1_265' title='bbox 2682 3530 2732 3619; x_wconf 89' lang='grc'><strong><em>1)</em></strong></span> <span class='ocrx_word' id='word_1_266' title='bbox 2790 3538 3045 3618; x_wconf 87' lang='lat' dir='ltr'><strong><em>quanta</em></strong></span> 
     </span>
     <span class='ocr_line' id='line_1_31' title="bbox 587 3638 3039 3722; baseline 0.001 -21"><span class='ocrx_word' id='word_1_267' title='bbox 587 3639 673 3702; x_wconf 86' lang='lat' dir='ltr'><strong><em>sit</em></strong></span> <span class='ocrx_word' id='word_1_268' title='bbox 699 3660 856 3702; x_wconf 91' lang='lat' dir='ltr'><strong><em>usus</em></strong></span> <span class='ocrx_word' id='word_1_269' title='bbox 887 3638 1220 3720; x_wconf 84' lang='lat' dir='ltr'><strong><em>varietate,</em></strong></span> <span class='ocrx_word' id='word_1_270' title='bbox 1255 3638 1322 3701; x_wconf 91' lang='lat' dir='ltr'><strong><em>in</em></strong></span> <span class='ocrx_word' id='word_1_271' title='bbox 1352 3638 1725 3702; x_wconf 84' lang='lat' dir='ltr'><strong><em>universum</em></strong></span> <span class='ocrx_word' id='word_1_272' title='bbox 1757 3640 2029 3702; x_wconf 89' lang='lat' dir='ltr'><strong><em>constat.</em></strong></span> <span class='ocrx_word' id='word_1_273' title='bbox 2098 3660 2295 3722; x_wconf 89' lang='lat' dir='ltr'><strong><em>quare</em></strong></span> <span class='ocrx_word' id='word_1_274' title='bbox 2327 3638 2381 3702; x_wconf 89' lang='lat' dir='ltr'><strong><em>si</em></strong></span> <span class='ocrx_word' id='word_1_275' title='bbox 2410 3661 2530 3703; x_wconf 90' lang='lat' dir='ltr'><strong><em>nos</em></strong></span> <span class='ocrx_word' id='word_1_276' title='bbox 2559 3638 2726 3704; x_wconf 88' lang='lat' dir='ltr'><strong><em>hanc</em></strong></span> <span class='ocrx_word' id='word_1_277' title='bbox 2757 3644 3039 3704; x_wconf 86' lang='lat' dir='ltr'><strong><em>structu-</em></strong></span> 
     </span>
     <span class='ocr_line' id='line_1_32' title="bbox 584 3743 3045 3830; baseline 0.001 -22"><span class='ocrx_word' id='word_1_278' title='bbox 584 3767 723 3809; x_wconf 85' lang='lat' dir='ltr'><strong><em>ram</em></strong></span> <span class='ocrx_word' id='word_1_279' title='bbox 773 3744 1136 3808; x_wconf 75' lang='lat' dir='ltr'><strong><em>accuratius</em></strong></span> <span class='ocrx_word' id='word_1_280' title='bbox 1181 3744 1586 3808; x_wconf 88' lang='lat' dir='ltr'><strong><em>tractandam</em></strong></span> <span class='ocrx_word' id='word_1_281' title='bbox 1635 3743 2056 3827; x_wconf 77' lang='lat' dir='ltr'><strong><em>suscipimUS,</em></strong></span> <span class='ocrx_word' id='word_1_282' title='bbox 2115 3744 2181 3807; x_wconf 91' lang='lat' dir='ltr'><strong><em>id</em></strong></span> <span class='ocrx_word' id='word_1_283' title='bbox 2230 3766 2303 3809; x_wconf 92' lang='lat' dir='ltr'><strong><em>eo</em></strong></span> <span class='ocrx_word' id='word_1_284' title='bbox 2350 3744 2622 3810; x_wconf 89' lang='lat' dir='ltr'><strong><em>consilio</em></strong></span> <span class='ocrx_word' id='word_1_285' title='bbox 2670 3745 2770 3830; x_wconf 86' lang='lat' dir='ltr'><strong><em>fit,</em></strong></span> <span class='ocrx_word' id='word_1_286' title='bbox 2824 3750 2896 3810; x_wconf 91' lang='lat' dir='ltr'><strong><em>ut</em></strong></span> <span class='ocrx_word' id='word_1_287' title='bbox 2944 3748 3045 3811; x_wconf 89' lang='lat' dir='ltr'><strong><em>in-</em></strong></span> 
     </span>
     <span class='ocr_line' id='line_1_33' title="bbox 586 3846 3043 3937; baseline 0.002 -23"><span class='ocrx_word' id='word_1_288' title='bbox 586 3851 933 3937; x_wconf 84' lang='lat' dir='ltr'><strong><em>tellegatur</em></strong></span> <span class='ocrx_word' id='word_1_289' title='bbox 977 3850 1137 3914; x_wconf 91' lang='lat' dir='ltr'><strong><em>illud</em></strong></span> <span class='ocrx_word' id='word_1_290' title='bbox 1183 3849 1450 3933; x_wconf 88' lang='lat' dir='ltr'><strong><em>idioma,</em></strong></span> <span class='ocrx_word' id='word_1_291' title='bbox 1506 3849 1676 3934; x_wconf 92' lang='lat' dir='ltr'><strong><em>quod</em></strong></span> <span class='ocrx_word' id='word_1_292' title='bbox 1728 3872 1766 3913; x_wconf 97' lang='lat' dir='ltr'><strong><em>a</em></strong></span> <span class='ocrx_word' id='word_1_293' title='bbox 1814 3846 2141 3914; x_wconf 84' lang='lat' dir='ltr'><strong><em>Ciceronis</em></strong></span> <span class='ocrx_word' id='word_1_294' title='bbox 2188 3852 2401 3914; x_wconf 86' lang='lat' dir='ltr'><strong><em>aetate</em></strong></span> <span class='ocrx_word' id='word_1_295' title='bbox 2447 3872 2651 3935; x_wconf 91' lang='lat' dir='ltr'><strong><em>usque</em></strong></span> <span class='ocrx_word' id='word_1_296' title='bbox 2699 3850 2779 3915; x_wconf 89' lang='lat' dir='ltr'><strong><em>ad</em></strong></span> <span class='ocrx_word' id='word_1_297' title='bbox 2826 3852 3043 3918; x_wconf 89' lang='lat' dir='ltr'><strong><em>Taciti</em></strong></span> 
     </span>
     <span class='ocr_line' id='line_1_34' title="bbox 587 3956 3044 4042; baseline 0 -21"><span class='ocrx_word' id='word_1_298' title='bbox 587 3962 880 4042; x_wconf 88' lang='lat' dir='ltr'><strong><em>tempora</em></strong></span> <span class='ocrx_word' id='word_1_299' title='bbox 927 3956 1160 4041; x_wconf 85' lang='lat' dir='ltr'><strong><em>exigua</em></strong></span> <span class='ocrx_word' id='word_1_300' title='bbox 1214 3961 1470 4021; x_wconf 87' lang='lat' dir='ltr'><strong><em>tantum</em></strong></span> <span class='ocrx_word' id='word_1_301' title='bbox 1526 3958 1928 4021; x_wconf 87' lang='lat' dir='ltr'><strong><em>incrementa</em></strong></span> <span class='ocrx_word' id='word_1_302' title='bbox 1985 3958 2255 4040; x_wconf 88' lang='lat' dir='ltr'><strong><em>accepit,</em></strong></span> <span class='ocrx_word' id='word_1_303' title='bbox 2318 3957 2401 4021; x_wconf 91' lang='lat' dir='ltr'><strong><em>ab</em></strong></span> <span class='ocrx_word' id='word_1_304' title='bbox 2456 3958 2568 4022; x_wconf 94' lang='lat' dir='ltr'><strong><em>illo</em></strong></span> <span class='ocrx_word' id='word_1_305' title='bbox 2632 3957 2886 4021; x_wconf 89' lang='lat' dir='ltr'><strong><em>demum</em></strong></span> <span class='ocrx_word' id='word_1_306' title='bbox 2948 3960 3044 4023; x_wconf 87' lang='lat' dir='ltr'><strong><em>ita</em></strong></span> 
     </span>
     <span class='ocr_line' id='line_1_35' title="bbox 587 4063 3041 4149; baseline 0.001 -23"><span class='ocrx_word' id='word_1_307' title='bbox 587 4064 910 4128; x_wconf 89' lang='lat' dir='ltr'><strong><em>excultum</em></strong></span> <span class='ocrx_word' id='word_1_308' title='bbox 958 4084 1126 4147; x_wconf 89' lang='lat' dir='ltr'><strong><em>esse,</em></strong></span> <span class='ocrx_word' id='word_1_309' title='bbox 1181 4067 1252 4127; x_wconf 91' lang='lat' dir='ltr'><strong><em>ut</em></strong></span> <span class='ocrx_word' id='word_1_310' title='bbox 1305 4064 1373 4127; x_wconf 89' lang='lat' dir='ltr'><strong><em>in</em></strong></span> <span class='ocrx_word' id='word_1_311' title='bbox 1418 4063 1598 4129; x_wconf 88' lang='lat' dir='ltr'><strong><em>varia</em></strong></span> <span class='ocrx_word' id='word_1_312' title='bbox 1645 4084 1888 4148; x_wconf 83' lang='lat' dir='ltr'><strong><em>genera</em></strong></span> <span class='ocrx_word' id='word_1_313' title='bbox 1934 4066 1999 4127; x_wconf 89' lang='lat' dir='ltr'><strong><em>et</em></strong></span> <span class='ocrx_word' id='word_1_314' title='bbox 2044 4064 2299 4145; x_wconf 89' lang='lat' dir='ltr'><strong><em>modos,</em></strong></span> <span class='ocrx_word' id='word_1_315' title='bbox 2358 4086 2635 4147; x_wconf 88' lang='lat' dir='ltr'><strong><em>quorum</em></strong></span> <span class='ocrx_word' id='word_1_316' title='bbox 2692 4064 3041 4149; x_wconf 89' lang='lat' dir='ltr'><strong><em>unicuique</em></strong></span> 
     </span>
     <span class='ocr_line' id='line_1_36' title="bbox 588 4169 3041 4256; baseline 0.001 -23"><span class='ocrx_word' id='word_1_317' title='bbox 588 4170 688 4233; x_wconf 91' lang='lat' dir='ltr'><strong><em>sui</em></strong></span> <span class='ocrx_word' id='word_1_318' title='bbox 734 4170 894 4235; x_wconf 89' lang='lat' dir='ltr'><strong><em>fines</em></strong></span> <span class='ocrx_word' id='word_1_319' title='bbox 943 4190 1184 4252; x_wconf 89' lang='lat' dir='ltr'><strong><em>suaque</em></strong></span> <span class='ocrx_word' id='word_1_320' title='bbox 1242 4169 1488 4234; x_wconf 89' lang='lat' dir='ltr'><strong><em>indoles</em></strong></span> <span class='ocrx_word' id='word_1_321' title='bbox 1537 4174 1715 4252; x_wconf 87' lang='lat' dir='ltr'><strong><em>sunt,</em></strong></span> <span class='ocrx_word' id='word_1_322' title='bbox 1774 4169 2158 4234; x_wconf 85' lang='lat' dir='ltr'><strong><em>discesserit.</em></strong></span> <span class='ocrx_word' id='word_1_323' title='bbox 2254 4191 2451 4255; x_wconf 89' lang='lat' dir='ltr'><strong><em>quare</em></strong></span> <span class='ocrx_word' id='word_1_324' title='bbox 2506 4192 2586 4233; x_wconf 90' lang='lat' dir='ltr'><strong><em>ne</em></strong></span> <span class='ocrx_word' id='word_1_325' title='bbox 2645 4169 2796 4253; x_wconf 89' lang='lat' dir='ltr'><strong><em>quid</em></strong></span> <span class='ocrx_word' id='word_1_326' title='bbox 2854 4170 3041 4256; x_wconf 84' lang='lat' dir='ltr'><strong><em>desit,</em></strong></span> 
     </span>
     <span class='ocr_line' id='line_1_37' title="bbox 589 4275 3040 4360; baseline 0.001 -21"><span class='ocrx_word' id='word_1_327' title='bbox 589 4296 750 4359; x_wconf 85' lang='lat' dir='ltr'><strong><em>opus</em></strong></span> <span class='ocrx_word' id='word_1_328' title='bbox 808 4296 946 4339; x_wconf 87' lang='lat' dir='ltr'><strong><em>esse</em></strong></span> <span class='ocrx_word' id='word_1_329' title='bbox 1003 4275 1253 4339; x_wconf 89' lang='lat' dir='ltr'><strong><em>videtur</em></strong></span> <span class='ocrx_word' id='word_1_330' title='bbox 1309 4276 1516 4341; x_wconf 89' lang='lat' dir='ltr'><strong><em>obiter</em></strong></span> <span class='ocrx_word' id='word_1_331' title='bbox 1571 4276 1804 4340; x_wconf 88' lang='lat' dir='ltr'><strong><em>saltem</em></strong></span> <span class='ocrx_word' id='word_1_332' title='bbox 1866 4276 2249 4360; x_wconf 87' lang='lat' dir='ltr'><strong><em>describere,</em></strong></span> <span class='ocrx_word' id='word_1_333' title='bbox 2310 4280 2555 4360; x_wconf 85' lang='lat' dir='ltr'><strong><em>quanta</em></strong></span> <span class='ocrx_word' id='word_1_334' title='bbox 2611 4276 3040 4342; x_wconf 85' lang='lat' dir='ltr'><strong><em>delectatione</em></strong></span> 
     </span>
     <span class='ocr_line' id='line_1_38' title="bbox 591 4380 3035 4469; baseline 0.002 -25"><span class='ocrx_word' id='word_1_335' title='bbox 591 4380 854 4445; x_wconf 86' lang='lat' dir='ltr'><strong><em>Tacitus</em></strong></span> <span class='ocrx_word' id='word_1_336' title='bbox 901 4382 972 4445; x_wconf 88' lang='lat' dir='ltr'><strong><em>in</em></strong></span> <span class='ocrx_word' id='word_1_337' title='bbox 1017 4382 1096 4445; x_wconf 86' lang='lat' dir='ltr'><strong><em>iis</em></strong></span> <span class='ocrx_word' id='word_1_338' title='bbox 1137 4405 1391 4467; x_wconf 90' lang='lat' dir='ltr'><strong><em>quoque</em></strong></span> <span class='ocrx_word' id='word_1_339' title='bbox 1431 4384 1774 4469; x_wconf 87' lang='lat' dir='ltr'><strong><em>generibus</em></strong></span> <span class='ocrx_word' id='word_1_340' title='bbox 1816 4384 2083 4448; x_wconf 89' lang='lat' dir='ltr'><strong><em>ablativi</em></strong></span> <span class='ocrx_word' id='word_1_341' title='bbox 2126 4383 2433 4469; x_wconf 87' lang='lat' dir='ltr'><strong><em>absoluti,</em></strong></span> <span class='ocrx_word' id='word_1_342' title='bbox 2481 4403 2643 4467; x_wconf 90' lang='lat' dir='ltr'><strong><em>quae</em></strong></span> <span class='ocrx_word' id='word_1_343' title='bbox 2681 4382 2809 4446; x_wconf 89' lang='lat' dir='ltr'><strong><em>iam</em></strong></span> <span class='ocrx_word' id='word_1_344' title='bbox 2851 4406 3035 4467; x_wconf 90' lang='lat' dir='ltr'><strong><em>supe-</em></strong></span> 
     </span>
    </p>
   </div>
   <div class='ocr_carea' id='block_1_5' title="bbox 587 4507 1014 4516">
    <p class='ocr_par' dir='ltr' id='par_1_5' title="bbox 587 4507 1014 4516">
     <span class='ocr_line' id='line_1_39' title="bbox 587 4507 1014 4516; baseline 0 0"><span class='ocrx_word' id='word_1_345' title='bbox 587 4507 1014 4516; x_wconf 95' lang='lat' dir='ltr'><strong><em> </em></strong></span> 
     </span>
    </p>
   </div>
   <div class='ocr_carea' id='block_1_6' title="bbox 587 4554 3036 4715">
    <p class='ocr_par' dir='ltr' id='par_1_6' title="bbox 587 4554 3036 4715">
     <span class='ocr_line' id='line_1_40' title="bbox 735 4554 3036 4629; baseline 0.001 -20"><span class='ocrx_word' id='word_1_346' title='bbox 735 4560 786 4624; x_wconf 91' lang='lat'><strong><em>1)</em></strong></span> <span class='ocrx_word' id='word_1_347' title='bbox 824 4554 903 4609; x_wconf 85' lang='lat' dir='ltr'><strong><em>Cf.</em></strong></span> <span class='ocrx_word' id='word_1_348' title='bbox 933 4554 1476 4627; x_wconf 66' lang='lat' dir='ltr'><strong><em>Manet-Lattmann,</em></strong></span> <span class='ocrx_word' id='word_1_349' title='bbox 1505 4557 1722 4614; x_wconf 85' lang='lat' dir='ltr'><strong><em>Latein.</em></strong></span> <span class='ocrx_word' id='word_1_350' title='bbox 1754 4557 2156 4629; x_wconf 84' lang='lat' dir='ltr'><strong><em>Schulgramm.</em></strong></span> <span class='ocrx_word' id='word_1_351' title='bbox 2197 4564 2227 4624; x_wconf 67' lang='grc' dir='ltr'>ξ</span> <span class='ocrx_word' id='word_1_352' title='bbox 2258 4564 2341 4614; x_wconf 84' lang='grc'><strong><em>58.</em></strong></span> <span class='ocrx_word' id='word_1_353' title='bbox 2407 4557 2469 4611; x_wconf 89' lang='grc' dir='ltr'><strong><em>Ε.</em></strong></span> <span class='ocrx_word' id='word_1_354' title='bbox 2498 4556 2817 4626; x_wconf 82' lang='lat' dir='ltr'><strong><em>Hoffmann,</em></strong></span> <span class='ocrx_word' id='word_1_355' title='bbox 2843 4558 3036 4613; x_wconf 88' lang='lat' dir='ltr'><strong><em>Jahrb.</em></strong></span> 
     </span>
     <span class='ocr_line' id='line_1_41' title="bbox 587 4643 1374 4715; baseline 0 -15"><span class='ocrx_word' id='word_1_356' title='bbox 587 4645 678 4700; x_wconf 70' lang='lat' dir='ltr'><strong><em>fiir</em></strong></span> <span class='ocrx_word' id='word_1_357' title='bbox 712 4644 858 4699; x_wconf 83' lang='lat' dir='ltr'><strong><em>Phil.</em></strong></span> <span class='ocrx_word' id='word_1_358' title='bbox 898 4643 1042 4714; x_wconf 86' lang='lat' dir='ltr'><strong><em>CXI,</em></strong></span> <span class='ocrx_word' id='word_1_359' title='bbox 1079 4662 1207 4715; x_wconf 85' lang='lat' dir='ltr'><strong><em>pag.</em></strong></span> <span class='ocrx_word' id='word_1_360' title='bbox 1255 4652 1374 4702; x_wconf 80' lang='lat'><strong><em>⁷83.</em></strong></span> 
     </span>
    </p>
   </div>
   <div class='ocr_carea' id='block_1_7' title="bbox 3270 1737 3286 3689">
    <p class='ocr_par' dir='ltr' id='par_1_7' title="bbox 3270 1737 3286 3689">
     <span class='ocr_line' id='line_1_42' title="bbox 3270 1737 3286 3689; baseline 0 0"><span class='ocrx_word' id='word_1_361' title='bbox 3270 1737 3286 3689; x_wconf 95' lang='lat' dir='ltr'><strong><em> </em></strong></span> 
     </span>
    </p>
   </div>
  </div>
 </body>
</html>
