3303 5235
1009 328 1092 380 De
1129 325 1554 396 participiorum
1591 343 1697 380 usu
1733 325 2082 382 attributivo.
2684 327 2771 391 53

303 491 650 556 decumani
712 490 1029 555 rebellione
1083 489 1467 554 Britanniae
1528 509 1897 574 compressa,
1970 513 2121 555 nam
2188 513 2440 576 caveas,
2515 513 2596 556 ne
2666 491 2775 556 ab·

303 598 594 663 lativum
648 619 687 660 a
755 619 912 662 voce
975 597 1178 660 fama
1223 596 1500 680 pendere
1565 596 1921 681 existimes,
1976 597 2147 682 quod
2213 598 2266 661 si
2323 619 2544 663 verum
2601 600 2775 662 esset

313 703 591 768 Tacitus
648 703 1108 768 rebellionis
1165 725 1655 787 compressae
1714 704 1990 768 scribere
2048 701 2401 790 debuisset)
2458 709 2648 788 atque
2705 705 2774 769 in

312 814 595 895 utroque
652 830 887 895 genere
935 809 1256 874 ablativus
1305 831 1448 874 eam
1501 811 1834 876 notionem
1880 811 2195 894 continet,
2253 832 2380 894 qua
2435 811 2774 895 indicatur,

318 916 645 1000 quomodo
701 916 770 980 id
816 916 1100 982 accidere
1155 917 1463 1001 potuerit,
1519 917 1688 1001 quod
1736 939 1775 980 a
1819 917 2015 982 verbo
2063 918 2163 981 vel
2222 916 2537 984 adieetivo
2592 940 2773 1001 prae-

325 1023 592 1087 dicatur.
665 1023 1070 1088 admirabilis
1121 1027 1336 1088 autem
1376 1046 1478 1088 ars
1523 1026 1648 1107 est,
1697 1044 1824 1108 qua
1863 1021 2211 1088 Sallustius
2251 1027 2315 1086 et
2351 1023 2639 1088 Velleius
2677 1023 2773 1088 in-

321 1129 677 1213 primisque
701 1129 963 1194 Tacitus
992 1129 1095 1194 usi
1125 1133 1280 1194 sunt
1306 1129 1376 1193 in
1402 1129 1640 1194 talibus
1669 1129 2108 1194 locutionibus
2131 1151 2277 1193 eum
2302 1127 2604 1194 audacter
2632 1134 2772 1193 tum

323 1236 609 1300 suaviter
662 1236 1069 1320 usurpandis
1153 1236 1319 1301 sicut
1373 1235 1521 1300 Tac.
1570 1258 1718 1304 ann.
1766 1235 1891 1320 ΙΙΙ,
1940 1238 2007 1302 8:
2080 1237 2190 1302 Aa
2240 1235 2529 1301 Drusum
2571 1238 2778 1319 peryit

318 1363 501 1424 quem
543 1342 718 1408 haud
763 1342 990 1422 fratris
1042 1345 1298 1408 interitu
1351 1347 1578 1408 trucem
1631 1364 1821 1424 quam
1874 1348 2099 1408 remoto
2146 1342 2385 1408 aemulo
2429 1345 2775 1424 aequiorem

322 1449 445 1512 sibi·
489 1449 782 1530 sperabat.
856 1448 974 1534 111,
1003 1450 1089 1514 32
1145 1435 1352 1514 missis
1396 1451 1484 1514 aa
1521 1455 1807 1514 senatum
1852 1450 2071 1515 littera
2117 1449 2399 1513 Tiberius
2446 1496 2462 1512 .
2500 1497 2514 1511 .
2554 1497 2567 1511 .
2608 1498 2621 1512 .
2666 1448 2771 1513 do-

328 1556 470 1619 cuit.
559 1553 666 1638 IV,
718 1556 799 1619 14
862 1557 1121 1621 conditis
1172 1577 1290 1638 per
1350 1556 1579 1620 Asiam
1633 1555 1887 1620 urbibus
1942 1575 2053 1620 ora
2106 1555 2305 1618 maris
2358 1555 2776 1636 patiebantur.

330 1659 448 1743 VI,
505 1661 590 1724 30
661 1650 965 1727 Servilius
1027 1661 1459 1743 Corneliusque
1507 1663 1753 1744 perdito
1818 1660 2055 1726 Scauro
2118 1660 2364 1740 famosi.
2478 1659 2605 1724 XII
2616 1711 2633 1744 ,
2697 1660 2778 1723 14

323 1766 622 1833 Gotarzes
665 1770 996 1834 deminutis
1048 1769 1318 1834 hostibus
1367 1769 1563 1848 ferox.
1649 1767 1801 1833 hist.
1838 1767 1896 1851 I,
1934 1768 1977 1830 4
2026 1767 2169 1830 laeti
2214 1770 2517 1847 usurpata
2562 1767 2777 1830 statim

317 1873 610 1946 libertate.
700 1873 759 1959 Ι,
797 1876 838 1940 6
894 1878 1142 1941 tardum
1189 1874 1426 1940 Galbae
1469 1875 1586 1938 iter
1630 1878 1687 1938 et
1732 1877 2049 1938 cruentum
2093 1871 2426 1951 interfectis
2474 1869 2775 1952 Cinyon·io

333 1979 619 2046 Varrone
664 1981 904 2046 consule
945 1983 1258 2064 desiynato
1304 1984 1363 2044 et
1401 1979 1695 2044 Petronio
1736 1979 2107 2060 Turpiliano
2153 1977 2481 2042 consulari.
2555 1977 2639 2041 ib.
2683 1979 2778 2042 in-

319 2088 546 2152 troitus
591 2089 663 2151 in
707 2087 916 2152 urbem
963 2088 1286 2152 trucidatis
1332 2091 1418 2151 tot
1459 2086 1709 2150 milibus
1755 2086 2087 2150 inermium
2131 2085 2401 2149 militum
2447 2084 2775 2164 infaustus.

322 2191 385 2276 Ι,
432 2192 514 2257 61
579 2194 866 2257 adiuncto
911 2192 1288 2258 Britannico
1343 2193 1621 2258 exercitu.
1704 2191 1763 2272 Ι,
1812 2191 1896 2255 66
1960 2191 2157 2256 armis
2189 2191 2477 2272 privatis.
2550 2190 2643 2274 II,
2690 2180 2799 2255 69‘

320 2299 521 2363 vetitis
564 2298 1014 2380 supplementis.
1105 2297 1172 2361 II
1181 2348 1199 2382 ,
1251 2299 1282 2362 1
1295 2299 1326 2362 1
1384 2297 1700 2362 rebellione
1744 2316 2101 2378 compressa.
2184 2296 2277 2380 ΙΙ,
2327 2297 2411 2360 82
2468 2317 2543 2360 ne
2586 2298 2776 2362 versis

319 2406 406 2470 ad
449 2405 622 2468 civile
677 2404 897 2468 bellum
954 2404 1286 2488 leqionibus
1340 2409 1508 2485 terya
1561 2403 1965 2467 nudarentur.
2050 2401 2177 2485 ΠΙ,
2224 2404 2265 2466 3
2330 2404 2602 2478 recitatis
2656 2405 2776 2485 epi-

324 2511 512 2576 stolis.
598 2509 727 2594 III,
775 2510 816 2574 6
871 2511 1127 2593 abrupto
1161 2516 1366 2592 ponte.
1460 2509 1585 2591 ΙΙΙ,
1631 2509 1717 2574 48
1776 2510 2002 2576 clausis
2045 2509 2353 2574 subsidiis.
2440 2508 2555 2592 IV,
2606 2511 2641 2574 7
2699 2531 2776 2574 ne

324 2617 470 2683 aliis
503 2617 698 2683 electis
731 2616 1120 2698 posthabitus
1161 2620 1513 2683 crederetur.
1597 2614 1713 2700 111,
1746 2615 1831 2680 70
1875 2621 2178 2698 quantum
2198 2616 2434 2681 ‘occisis
2478 2638 2602 2681 uno
2638 2638 2776 2682 sene

317 2729 378 2788 et
420 2744 544 2788 uno
589 2726 800 2789 iuvene
842 2726 1078 2807 profici.
1153 2747 1302 2789 ann.
1337 2724 1396 2809 I,
1435 2725 1522 2788 54
1570 2726 1729 2789 idem
1774 2742 1980 2789 annus
2024 2745 2216 2789 novas
2251 2724 2622 2789 ceremonias
2666 2745 2767 2789 ac-

320 2832 481 2913 eepit
527 2832 731 2895 addito
784 2833 1092 2897 sodalium
1135 2832 1581 2914 Auyustalium
1625 2832 1977 2896 sacerdotio.
2062 2830 2175 2915 IV,
2230 2832 2310 2895 14
2366 2829 2594 2895 Graeci
2638 2852 2773 2897 eon-

315 2938 469 3003 ditis
490 2957 612 3019 per
645 2938 869 3002 Asiam
904 2939 1158 3003 urbibus
1194 2959 1305 3002 ora
1341 2939 1538 3002 maris
1565 2937 1976 3018 potiebantur.
2050 2936 2161 3020 IV,
2198 2938 2286 3001 45
2332 2939 2587 3003 dimisso
2622 2959 2771 3020 equo

313 3065 426 3125 per
470 3046 716 3127 derepta
751 3050 808 3109 et
850 3046 956 3109 via
999 3044 1301 3129 sequentis
1340 3044 1685 3124 frustratus
1722 3046 1823 3107 est.
1895 3041 2008 3125 IV,
2046 3043 2089 3105 4
2136 3044 2279 3109 tulit
2322 3064 2494 3125 opem
2542 3044 2773 3110 Caesar

225 3152 237 3161 ‘
324 3151 606 3231 disposito
639 3172 758 3233 per
801 3172 1044 3218 mensas
1098 3152 1343 3216 miliens
1385 3150 1655 3215 sestertio
1704 3148 1987 3230 factaque
2042 3136 2373 3215 mutuandi
2419 3151 2596 3231 eopia
2639 3153 2773 3216 sine

325 3259 526 3322 usuris
581 3279 704 3339 per
768 3260 1119 3323 triennium.
1213 3258 1334 3341 VI,
1378 3258 1464 3322 49
1531 3257 1860 3337 informem
1928 3258 2157 3321 exitum
2220 3257 2433 3339 deleqit
2485 3258 2645 3321 iacto
2702 3259 2771 3321 in

304 3384 598 3445 praeceps
634 3384 896 3445 corpore.
960 3365 1073 3449 XI,
1103 3366 1186 3428 29
1236 3366 1560 3446 laryitione
1597 3384 1672 3428 ae
1696 3364 2027 3445 promissis
2054 3368 2111 3427 et
2143 3383 2333 3427 uceore
2368 3364 2592 3428 deiecta
2614 3364 2767 3445 plus

311 3472 622 3551 potentiae
657 3473 1012 3536 ostentando
1046 3472 1339 3553 perpulit.
1413 3469 1572 3552 XII,
1610 3469 1697 3534 56
1743 3474 1967 3534 structo
2015 3474 2193 3533 trans
2233 3469 2502 3534 Tiberim
2537 3475 2770 3553 stayno.

317 3576 473 3661 XII,
521 3577 606 3641 65
650 3598 887 3659 parum
932 3578 1202 3643 coercitis
1234 3598 1352 3659 per
1397 3576 1763 3642 Calabriam
1806 3596 2119 3641 servorum
2171 3576 2520 3658 ayminibus
2552 3596 2771 3658 pacem

318 3683 548 3747 Italiae
595 3685 880 3749 turbaret.
973 3684 1130 3748 XIII
1143 3734 1160 3767 ,
1207 3684 1247 3747 9
1301 3684 1464 3748 datis
1509 3682 1815 3748 obsidibus
1860 3682 2109 3747 solitam
2142 3681 2462 3762 prioribus
2505 3704 2771 3747 reveren-

321 3792 471 3855 tiam
519 3792 590 3855 in
621 3791 926 3873 populum
970 3791 1327 3855 Roman-um
1371 3790 1771 3855 continuaret.
1851 3786 2040 3869 XIII,
2070 3788 2156 3851 30
2202 3788 2509 3853 cruciatus
2553 3809 2771 3871 acyrae

319 3902 584 3963 senectae
628 3898 842 3962 emisso
877 3918 998 3979 per
1041 3918 1224 3961 venas
1268 3898 1571 3978 sanquine
1615 3895 1845 3977 effugit.
1924 3893 2115 3977 XIII,
2164 3894 2249 3957 53
2316 3893 2498 3959 Vetus
2542 3894 2768 3959 Mosel-

318 4004 446 4070 lam
499 4009 679 4085 atque
733 4004 997 4069 Ararim
1048 4004 1222 4084 facta
1275 4004 1436 4067 inter
1490 4006 1815 4083 utrumque
1865 4002 2037 4081 fossa
2092 4005 2429 4065 connectere
2477 4000 2769 4081 parabat.

321 4108 496 4193 XIV,
543 4112 628 4175 38
685 4111 863 4175 auxit
907 4112 1114 4191 copias
1162 4110 1392 4175 Caesar
1435 4109 1641 4173 missis
1686 4128 1793 4173 sex
1839 4106 2185 4172 Germania
2228 4108 2459 4172 duobus
2505 4107 2767 4189 leyiona-

315 4216 484 4280 rium
539 4217 802 4282 milibus.
887 4216 1031 4301 XV,
1078 4217 1163 4281 52
1232 4216 1448 4283 delecto
1511 4216 1875 4297 imperatore
1938 4214 2064 4278 alio
2129 4216 2230 4279 sui
2282 4214 2560 4277 muneris
2614 4234 2767 4278 rem·

311 4323 624 4403 publicam
679 4324 920 4403 faceret.
1012 4323 1161 4387 hist.
1208 4323 1266 4405 I,
1315 4323 1397 4387 69
1462 4322 1676 4401 effusis
1741 4321 2017 4386 lacrimis
2073 4368 2299 4385 .....
2356 4321 2766 4401 impetravere.

313 4427 408 4511 II,
451 4429 533 4491 14
587 4430 834 4495 additus
881 4432 1176 4511 perculsis
1232 4435 1428 4495 terror
1481 4430 1717 4493 invecta
1762 4429 1831 4493 in
1886 4432 2053 4509 terya
2084 4428 2507 4509 pugnantium
2560 4428 2765 4492 classe.

312 4533 406 4618 II,
453 4535 530 4598 17
583 4537 781 4617 raptis
824 4538 1188 4619 quibusdam
1233 4535 1723 4618 exploratoribus
1767 4536 1861 4599 ita
1904 4538 2121 4599 ceteros
2167 4539 2447 4599 terruere.
2538 4532 2631 4611 II,
2676 4534 2765 4597 34

313 4642 594 4710 inchoato
648 4648 838 4727 ponte
909 4644 1240 4709 transitum
1293 4642 1462 4707 Padi
1531 4642 1905 4709 simulantes.
2011 4640 2074 4705 Π
2086 4691 2103 4725 ,
2149 4641 2234 4706 92
2298 4640 2529 4707 additis
2582 4662 2761 4723 pecu-
