3303 5235
896 307 980 362 De
1017 304 1438 375 participiorum
1480 321 1582 358 usu
1618 303 2022 374 praedicativa
2564 305 2690 370 105

217 449 570 534 videnturs
653 489 812 533 neve
888 468 1140 533 dubites
1209 489 1448 553 negare
1526 467 1878 552 quidquam
1952 469 2122 552 quod
2200 489 2345 533 cum
2416 468 2689 554 Nipper-

220 575 387 658 deyi
451 576 746 641 versione
810 575 1002 640 durch
1056 576 1154 640 die
1215 576 1396 640 raehe
1444 576 1557 657 fiir
1610 577 1729 640 den
1784 577 1887 640 tod
1937 576 2039 642 des
2096 575 2504 642 Germanicus
2556 597 2690 641 war

217 683 366 746 dies
408 683 523 747 das
566 683 716 746 ende
771 685 1117 767 congruat,
1173 705 1212 746 a
1255 681 1484 748 Tacito
1541 681 1739 748 scribi
1795 682 2101 767 potuisse.
2183 689 2337 747 na'm
2392 683 2688 767 quamvis

217 788 532 872 quaesita
577 791 644 853 et
687 791 986 854 contorta
1032 791 1358 854 structura
1381 771 1612 872 ‘aliqua
1650 788 1759 871 sit,
1794 787 2038 852 rationi
2069 789 2300 854 saltem
2327 811 2691 874 repugnare

219 893 502 958 minime
558 893 777 978 debet,
840 893 906 957 id
959 895 1134 979 quod
1180 895 1444 960 Tacitus
1501 917 1636 960 non
1694 895 2130 979 observasset,
2194 897 2248 962 si
2304 918 2457 962 vera
2522 899 2691 960 esset

216 1001 352 1066 viri
413 1001 587 1066 docti
642 1000 816 1065 illius
873 1001 1343 1085 interpretatio.
1418 1003 1617 1068 verba
1674 1005 1852 1066 sunt:
1908 1004 1969 1068 is
2019 1004 2171 1085 finis
2218 1004 2349 1084 fait
2408 1005 2479 1068 in
2541 1004 2689 1068 ulei-

213 1110 458 1173 seenda
513 1106 876 1173 Germanici
937 1113 1144 1173 morte.
1237 1130 1361 1194 quo
1410 1109 1578 1174 enim
1628 1109 1769 1176 iure
1832 1108 2205 1196 Nipperdey
2271 1113 2338 1176 et
2401 1109 2691 1196 Draeger

216 1213 592 1279 ablativum
649 1213 1102 1279 ulciscenda
1156 1218 1402 1284 morte
1449 1235 1567 1299 pro
1623 1213 1912 1280 ablativo
1968 1216 2382 1282 instrumenti
2428 1218 2690 1301 habent,

215 1325 548 1406 tanquam
606 1320 662 1385 si
717 1323 1020 1405 ageretur
1073 1320 1150 1385 de
1211 1322 1378 1386 alius
1433 1320 1768 1386 cuiusdam
1826 1322 1918 1386 rei
1964 1322 2120 1409 fine,
2166 1323 2276 1407 qui
2323 1323 2690 1388 ulciscenda

219 1427 604 1494 Germanici
651 1431 860 1494 morte
907 1427 1167 1512 accidit,
1209 1449 1420 1514 neque
1465 1428 1667 1493 finis
1715 1428 1854 1512 ipse
1902 1433 2077 1494 esset
2121 1430 2282 1494 ultio
2330 1430 2370 1494 i.
2416 1452 2469 1494 e.
2515 1433 2690 1496 certa

217 1534 554 1621 quaedam
609 1557 760 1619 pars
817 1535 998 1599 eius?
1079 1535 1202 1601 hac
1257 1535 1753 1602 ratiocinatione
1808 1536 2171 1600 necessario
2230 1535 2313 1600 ad
2360 1559 2505 1601 eam
2550 1559 2690 1602 sen-

217 1642 510 1708 tentiam
557 1641 958 1725 adducimur,
1006 1664 1134 1726 qua
1180 1644 1504 1707 statuatur
1551 1642 1907 1707 ablativum
1955 1643 2404 1708 ulciscenda
2450 1646 2691 1709 morte

217 1749 530 1814 absolute
587 1748 872 1834 positum
919 1770 1060 1812 esse
1119 1749 1461 1833 temporali
1507 1749 1987 1834 significatione
2042 1749 2423 1833 praeditum.
2497 1753 2691 1835 atque

215 1855 581 1941 participio
647 1854 764 1919 fut.
810 1877 985 1939 pass.
1036 1855 1108 1920 in
1174 1855 1291 1919 tali
1356 1858 1681 1920 structura
1740 1855 1951 1920 inesse
2015 1856 2350 1922 notionem
2412 1855 2693 1941 petendi,

219 1963 495 2047 assequi
549 1961 845 2027 studendi
892 1961 1000 2026 vix
1057 1964 1158 2026 est
1205 1962 1376 2047 quod
1432 1963 1789 2027 moneatur.
1870 1962 2088 2047 itaque
2148 1964 2516 2028 vertendum
2566 1966 2693 2030 est:

217 2091 302 2139 zu
373 2071 596 2134 diesem
667 2070 815 2133 ende
881 2068 1090 2148 filhrte
1150 2086 1238 2151 es,
1312 2069 1410 2134 als
1471 2070 1579 2134 der
1643 2070 1749 2134 tod
1808 2070 1911 2135 des
1976 2069 2385 2136 Germanicas
2447 2069 2697 2154 yeraeht

224 2177 472 2242 werden
543 2175 714 2242 sollte
797 2175 931 2239 vel:
1023 2177 1122 2242 als
1193 2197 1344 2241 man
1421 2177 1538 2242 den
1621 2177 1727 2240 tocl
1794 2176 1897 2240 des
1972 2175 2380 2244 Germanicas
2469 2177 2695 2242 rc‘iehen

236 2284 456 2350 wollte.

332 2407 346 2416 ·
413 2388 728 2454 Venimus
769 2389 849 2454 ad
888 2389 1168 2454 alterum
1203 2389 1417 2454 locum
1455 2410 1603 2454 ann.
1633 2388 1811 2474 XIV,
1840 2389 1883 2453 4
1923 2389 2091 2454 Nero
2141 2439 2155 2455 .
2193 2441 2209 2456 .
2248 2440 2262 2453 .
2296 2391 2696 2472 prosequitur

239 2497 556 2561 abeuntem
610 2497 814 2562 artius
869 2497 1061 2561 oeulis
1103 2501 1165 2560 et
1195 2497 1432 2578 pectori
1485 2496 1742 2560 haerens
1786 2497 1913 2560 sive
1964 2497 2260 2582 explenda
2303 2497 2696 2562 simulatione

241 2623 355 2667 seu
399 2604 716 2684 periturae
785 2604 1010 2669 matris
1074 2624 1395 2686 supremus
1466 2607 1743 2687 aspectus
1804 2603 2085 2685 quamvis
2143 2604 2348 2684 ferum
2410 2605 2693 2669 animum

233 2712 558 2789 retinebat,
617 2713 709 2777 sei
763 2732 853 2795 es,
907 2711 1045 2775 weil
1106 2732 1258 2775 man
1321 2710 1571 2775 bestrebt
1624 2730 1778 2792 war,
1840 2711 1955 2775 das
2012 2731 2180 2776 mass
2235 2712 2344 2775 der
2398 2709 2697 2776 kenehelei

229 2818 358 2881 voll
401 2837 482 2884 zu
524 2817 778 2883 maehen
825 2816 1142 2901 (logicum
1189 2817 1358 2901 quod
1397 2818 1632 2882 dicitur
1670 2817 2030 2883 subiectum
2068 2816 2274 2883 Nero
2322 2819 2448 2898 est)
2494 2819 2582 2883 sei
2616 2838 2695 2897 es,

226 2923 377 2988 weil
404 2924 516 2988 das
541 2944 719 2989 wenn
745 2924 931 2989 sehon
952 2923 1284 3007 yefic'hllos'e
1315 2925 1566 3006 ⁴qemiith
1591 2926 1700 2990 der
1729 2926 1896 2990 letzte
1922 2924 2165 2990 anbliek
2192 2927 2298 2989 der
2324 2927 2459 2989 dem
2493 2931 2695 2990 ureter-

221 3050 398 3113 ,σατις
443 3030 815 3095 bestimmten
862 3036 1086 3095 mutter
1129 3030 1355 3094 rithrte.
1392 3066 1462 3075 ·-—
1520 3030 1643 3094 Hic
1690 3032 1869 3095 locus
1910 3054 1949 3096 a
1994 3031 2439 3116 grammaticis
2486 3032 2693 3096 nihilo

225 3134 468 3199 melius
532 3140 902 3220 perspectus
968 3140 1083 3201 est.
1197 3137 1289 3207 sic
1352 3136 1655 3221 inprimis
1718 3135 2218 3222 Naegelsbachii
2298 3137 2693 3202 mentionem

227 3242 451 3306 facere
499 3264 660 3325 opus
708 3246 825 3325 est,
872 3243 983 3326 qui
1029 3242 1456 3309 confidentius
1503 3244 1915 3328 participium
1969 3243 2087 3308 fut.
2134 3264 2304 3327 pass.
2353 3243 2522 3326 apud
2571 3243 2689 3308 La-

227 3350 414 3415 tinos
461 3348 530 3412 in
577 3349 875 3414 absoluta
920 3349 1242 3433 positione
1303 3352 1626 3433 prolatum
1677 3373 1816 3415 esse
1864 3355 2079 3434 negat.
2161 3370 2282 3413 nos
2330 3352 2500 3413 certe
2547 3372 2695 3414 con-

227 3455 564 3521 tendimus
635 3478 902 3541 prorsus
966 3457 1363 3521 contrarium
1431 3457 1596 3541 eius,
1662 3457 1833 3540 quod
1860 3444 2178 3521 'voluerit
2236 3456 2697 3539 demonstrare,

228 3564 453 3626 virum
499 3561 682 3626 illum
730 3562 1001 3627 Latinae
1047 3562 1310 3648 linguae
1355 3564 1820 3647 peritissimum
1865 3563 2196 3649 probasse.
2212 3561 2263 3648 l)
2337 3562 2695 3627 rectissime

211 3669 416 3734 ‚enim
471 3670 779 3755 explicat,
839 3670 991 3753 quid
1052 3670 1440 3735 discriminis
1501 3671 1759 3736 intersit
1821 3672 1990 3735 inter
2046 3670 2399 3735 ablativum
2458 3670 2694 3735 instru-

229 3776 592 3841 mentalem
654 3780 720 3840 et
780 3775 1131 3841 ablativum
1192 3777 1541 3859 modalem,
1604 3778 1786 3842 cuius
1851 3776 2008 3863 (abl.
2054 3774 2254 3863 mod.)
2315 3777 2549 3863 speciei
2610 3777 2698 3841 sit

231 3882 412 3947 Livii
464 3882 628 3948 illud
672 3881 800 3965 ΙΙΙ,
848 3881 962 3966 65,
1007 3884 1050 3946 4
1117 3885 1489 3948 insectandis
1540 3884 1833 3966 patribus
1886 3885 2267 3948 tribunatum
2315 3885 2505 3966 yessit
2556 3884 2596 3946 i.
2644 3905 2696 3946 e.

237 3989 648 4053 tribunatum
695 3988 903 4072 gessit
946 4010 1077 4053 non
1124 4011 1198 4053 eo
1212 4039 1230 4072 ,
1287 3989 1456 4072 quod
1502 3992 1722 4073 patres
1777 3989 2251 4072 insectabatur,
2298 3989 2406 4053 sed
2455 3990 2549 4053 ita
2596 3990 2696 4054 vel

235 4096 414 4159 hunc
460 4095 531 4158 in
577 4094 866 4178 modum,
913 4098 986 4159 ut
1030 4098 1247 4180 patres
1294 4094 1739 4160 insectaretur.
1813 4096 1974 4161 haec
2019 4095 2469 4180 interpretatio
2520 4095 2697 4159 omni

237 4201 644 4266 dubitatione
710 4206 905 4267 caret.
989 4203 1100 4267 sed
1156 4223 1298 4266 cum
1358 4201 1657 4287 deinceps
1720 4202 1894 4268 dicat
1950 4202 2107 4266 auch
2164 4202 2261 4265 die
2320 4200 2698 4267 taeiteiselien

231 4309 553 4389 fa'yunyen
613 4328 666 4373 z.
711 4307 794 4373 B.
854 4330 1000 4373 ann.
1058 4306 1235 4389 XIV,
1290 4308 1333 4371 4
1393 4308 1561 4373 Nero
1621 4314 1881 4373 matrem
1932 4309 2329 4390 prosequitur
2383 4308 2702 4372 abeuntem

235 4417 366 4479 sive
422 4414 721 4495 explenda
777 4416 1172 4479 simulatione
1227 4416 1354 4479 sive
1399 4451 1482 4461 —
1537 4417 1749 4495 finden
1807 4418 1876 4480 in
1935 4416 2157 4479 diesem
2209 4414 2512 4496 yebraaeh
2568 4415 2701 4479 ihre

389 4644 444 4711 1)
481 4640 603 4697 Lat.
642 4638 754 4697 stil.
795 4659 850 4712 p.
894 4648 1011 4697 100.
