<?xml version="1.0" encoding="UTF-8"?>
<!DOCTYPE html PUBLIC "-//W3C//DTD XHTML 1.0 Transitional//EN"
    "http://www.w3.org/TR/xhtml1/DTD/xhtml1-transitional.dtd">
<html xmlns="http://www.w3.org/1999/xhtml" xml:lang="en" lang="en">
 <head>
  <title>
</title>
<meta http-equiv="Content-Type" content="text/html;charset=utf-8" />
  <meta name='ocr-system' content='tesseract 3.04.00' />
  <meta name='ocr-capabilities' content='ocr_page ocr_carea ocr_par ocr_line ocrx_word'/>
</head>
<body>
  <div class='ocr_page' id='page_1' title='image "./quaestionessynt01helmgoog_0035.png"; bbox 0 0 3303 5235; ppageno 0'>
   <div class='ocr_carea' id='block_1_1' title="bbox 1004 362 2707 438">
    <p class='ocr_par' dir='ltr' id='par_1_1' title="bbox 1004 362 2707 438">
     <span class='ocr_line' id='line_1_1' title="bbox 1004 362 2707 438; baseline 0 -20"><span class='ocrx_word' id='word_1_1' title='bbox 1004 362 1088 420; x_wconf 90' lang='lat' dir='ltr'><strong>De</strong></span> <span class='ocrx_word' id='word_1_2' title='bbox 1125 363 1410 438; x_wconf 81' lang='lat' dir='ltr'><strong>participii</strong></span> <span class='ocrx_word' id='word_1_3' title='bbox 1445 367 1650 422; x_wconf 87' lang='lat' dir='ltr'><strong>natura</strong></span> <span class='ocrx_word' id='word_1_4' title='bbox 1685 364 1969 422; x_wconf 87' lang='lat' dir='ltr'><strong>nominali.</strong></span> <span class='ocrx_word' id='word_1_5' title='bbox 2623 363 2707 428; x_wconf 84' lang='lat'><strong>33</strong></span> 
     </span>
    </p>
   </div>
   <div class='ocr_carea' id='block_1_2' title="bbox 236 528 2714 3069">
    <p class='ocr_par' dir='ltr' id='par_1_2' title="bbox 250 528 2709 1235">
     <span class='ocr_line' id='line_1_2' title="bbox 261 528 2707 618; baseline -0.002 -22"><span class='ocrx_word' id='word_1_6' title='bbox 261 554 426 618; x_wconf 90' lang='lat' dir='ltr'><strong>quae</strong></span> <span class='ocrx_word' id='word_1_7' title='bbox 462 530 533 595; x_wconf 91' lang='lat' dir='ltr'><strong>in</strong></span> <span class='ocrx_word' id='word_1_8' title='bbox 561 529 729 595; x_wconf 86' lang='lat' dir='ltr'><strong>Livii</strong></span> <span class='ocrx_word' id='word_1_9' title='bbox 757 533 831 594; x_wconf 92' lang='lat' dir='ltr'><strong>ut</strong></span> <span class='ocrx_word' id='word_1_10' title='bbox 859 530 1154 613; x_wconf 86' lang='lat' dir='ltr'><strong>exemplo</strong></span> <span class='ocrx_word' id='word_1_11' title='bbox 1194 534 1454 595; x_wconf 88' lang='lat' dir='ltr'><strong>utamur</strong></span> <span class='ocrx_word' id='word_1_12' title='bbox 1483 529 1738 615; x_wconf 91' lang='lat' dir='ltr'><strong>scriptis</strong></span> <span class='ocrx_word' id='word_1_13' title='bbox 1776 529 2118 594; x_wconf 87' lang='lat' dir='ltr'><strong>invenitur.</strong></span> <span class='ocrx_word' id='word_1_14' title='bbox 2184 529 2295 593; x_wconf 87' lang='lat' dir='ltr'><strong>sed</strong></span> <span class='ocrx_word' id='word_1_15' title='bbox 2322 529 2447 594; x_wconf 92' lang='lat' dir='ltr'><strong>hoc</strong></span> <span class='ocrx_word' id='word_1_16' title='bbox 2474 528 2707 592; x_wconf 90' lang='lat' dir='ltr'><strong>mirum</strong></span> 
     </span>
     <span class='ocr_line' id='line_1_3' title="bbox 253 635 2709 720; baseline -0.003 -15"><span class='ocrx_word' id='word_1_17' title='bbox 253 662 388 706; x_wconf 87' lang='lat' dir='ltr'><strong>non</strong></span> <span class='ocrx_word' id='word_1_18' title='bbox 443 638 768 703; x_wconf 83' lang='lat' dir='ltr'><strong>videbitur</strong></span> <span class='ocrx_word' id='word_1_19' title='bbox 824 637 932 720; x_wconf 91' lang='lat' dir='ltr'><strong>iis,</strong></span> <span class='ocrx_word' id='word_1_20' title='bbox 999 637 1110 720; x_wconf 89' lang='lat' dir='ltr'><strong>qui</strong></span> <span class='ocrx_word' id='word_1_21' title='bbox 1175 636 1647 701; x_wconf 74' lang='lat' dir='ltr'>considerarim:</span> <span class='ocrx_word' id='word_1_22' title='bbox 1704 635 2002 700; x_wconf 84' lang='lat' dir='ltr'><strong>Tacitum</strong></span> <span class='ocrx_word' id='word_1_23' title='bbox 2069 635 2229 700; x_wconf 87' lang='lat' dir='ltr'><strong>satis</strong></span> <span class='ocrx_word' id='word_1_24' title='bbox 2290 636 2497 700; x_wconf 91' lang='lat' dir='ltr'><strong>multa</strong></span> <span class='ocrx_word' id='word_1_25' title='bbox 2560 635 2709 699; x_wconf 89' lang='lat' dir='ltr'><strong>usui</strong></span> 
     </span>
     <span class='ocr_line' id='line_1_4' title="bbox 254 729 2703 833; baseline -0.002 -23"><span class='ocrx_word' id='word_1_26' title='bbox 254 744 558 830; x_wconf 89' lang='lat' dir='ltr'><strong>loquendi</strong></span> <span class='ocrx_word' id='word_1_27' title='bbox 597 743 1196 833; x_wconf 28' lang='lat' dir='ltr'><strong>intulissquuibus</strong></span> <span class='ocrx_word' id='word_1_28' title='bbox 1236 747 1594 809; x_wconf 69' lang='lat' dir='ltr'><strong>structuras</strong></span> <span class='ocrx_word' id='word_1_29' title='bbox 1631 729 2214 826; x_wconf 80' lang='lat' dir='ltr'><strong>praepositionales</strong></span> <span class='ocrx_word' id='word_1_30' title='bbox 2252 743 2506 807; x_wconf 88' lang='lat' dir='ltr'><strong>vitaret.</strong></span> <span class='ocrx_word' id='word_1_31' title='bbox 2580 742 2703 805; x_wconf 92' lang='lat' dir='ltr'><strong>ita-</strong></span> 
     </span>
     <span class='ocr_line' id='line_1_5' title="bbox 251 831 2708 937; baseline -0.003 -20"><span class='ocrx_word' id='word_1_32' title='bbox 251 875 373 937; x_wconf 88' lang='lat' dir='ltr'><strong>que</strong></span> <span class='ocrx_word' id='word_1_33' title='bbox 415 874 556 916; x_wconf 92' lang='lat' dir='ltr'><strong>cum</strong></span> <span class='ocrx_word' id='word_1_34' title='bbox 602 850 776 914; x_wconf 87' lang='lat' dir='ltr'><strong>haud</strong></span> <span class='ocrx_word' id='word_1_35' title='bbox 817 871 977 935; x_wconf 91' lang='lat' dir='ltr'><strong>opus</strong></span> <span class='ocrx_word' id='word_1_36' title='bbox 1025 849 1111 914; x_wconf 91' lang='lat' dir='ltr'><strong>sit</strong></span> <span class='ocrx_word' id='word_1_37' title='bbox 1156 850 1322 915; x_wconf 90' lang='lat' dir='ltr'><strong>hanc</strong></span> <span class='ocrx_word' id='word_1_38' title='bbox 1369 831 1504 915; x_wconf 85' lang='lat' dir='ltr'><strong>rem</strong></span> <span class='ocrx_word' id='word_1_39' title='bbox 1552 872 1667 934; x_wconf 92' lang='lat' dir='ltr'><strong>per</strong></span> <span class='ocrx_word' id='word_1_40' title='bbox 1714 870 1781 913; x_wconf 91' lang='lat' dir='ltr'><strong>se</strong></span> <span class='ocrx_word' id='word_1_41' title='bbox 1822 849 2364 933; x_wconf 83' lang='lat' dir='ltr'><strong>simplicissimam</strong></span> <span class='ocrx_word' id='word_1_42' title='bbox 2418 848 2708 932; x_wconf 89' lang='lat' dir='ltr'><strong>pluribus</strong></span> 
     </span>
     <span class='ocr_line' id='line_1_6' title="bbox 251 955 2703 1040; baseline -0.002 -18"><span class='ocrx_word' id='word_1_43' title='bbox 251 957 466 1022; x_wconf 85' lang='lat' dir='ltr'><strong>verbis</strong></span> <span class='ocrx_word' id='word_1_44' title='bbox 513 957 881 1040; x_wconf 87' lang='lat' dir='ltr'><strong>explanare,</strong></span> <span class='ocrx_word' id='word_1_45' title='bbox 939 957 1160 1020; x_wconf 86' lang='lat' dir='ltr'><strong>statim</strong></span> <span class='ocrx_word' id='word_1_46' title='bbox 1216 959 1510 1040; x_wconf 85' lang='lat' dir='ltr'><strong>exempla</strong></span> <span class='ocrx_word' id='word_1_47' title='bbox 1565 957 1711 1040; x_wconf 89' lang='lat' dir='ltr'><strong>ipsa</strong></span> <span class='ocrx_word' id='word_1_48' title='bbox 1757 955 2115 1020; x_wconf 82' lang='lat' dir='ltr'><strong>afferamus.</strong></span> <span class='ocrx_word' id='word_1_49' title='bbox 2209 977 2283 1019; x_wconf 90' lang='lat' dir='ltr'><strong>ac</strong></span> <span class='ocrx_word' id='word_1_50' title='bbox 2339 977 2467 1019; x_wconf 91' lang='lat' dir='ltr'><strong>una</strong></span> <span class='ocrx_word' id='word_1_51' title='bbox 2522 976 2703 1038; x_wconf 89' lang='lat' dir='ltr'><strong>prae-</strong></span> 
     </span>
     <span class='ocr_line' id='line_1_7' title="bbox 251 1062 2708 1149; baseline -0.002 -20"><span class='ocrx_word' id='word_1_52' title='bbox 251 1065 492 1148; x_wconf 90' lang='lat' dir='ltr'><strong>positio</strong></span> <span class='ocrx_word' id='word_1_53' title='bbox 503 1116 520 1149; x_wconf 94' lang='lat'><strong>,</strong></span> <span class='ocrx_word' id='word_1_54' title='bbox 575 1085 736 1148; x_wconf 89' lang='lat' dir='ltr'><strong>quae</strong></span> <span class='ocrx_word' id='word_1_55' title='bbox 791 1063 918 1127; x_wconf 92' lang='lat' dir='ltr'><strong>huc</strong></span> <span class='ocrx_word' id='word_1_56' title='bbox 979 1066 1258 1147; x_wconf 85' lang='lat' dir='ltr'><strong>spectat,</strong></span> <span class='ocrx_word' id='word_1_57' title='bbox 1315 1067 1414 1128; x_wconf 93' lang='lat' dir='ltr'><strong>est</strong></span> <span class='ocrx_word' id='word_1_58' title='bbox 1467 1065 1576 1148; x_wconf 85' lang='lat' dir='ltr'><strong>ad,</strong></span> <span class='ocrx_word' id='word_1_59' title='bbox 1633 1063 1861 1127; x_wconf 89' lang='lat' dir='ltr'><strong>ceteris</strong></span> <span class='ocrx_word' id='word_1_60' title='bbox 1927 1063 2039 1126; x_wconf 92' lang='lat' dir='ltr'><strong>isti</strong></span> <span class='ocrx_word' id='word_1_61' title='bbox 2107 1063 2451 1146; x_wconf 71' lang='lat' dir='ltr'><strong>scriptores</strong></span> <span class='ocrx_word' id='word_1_62' title='bbox 2513 1062 2708 1126; x_wconf 88' lang='lat' dir='ltr'><strong>absti-</strong></span> 
     </span>
     <span class='ocr_line' id='line_1_8' title="bbox 250 1173 1667 1235; baseline -0.006 0"><span class='ocrx_word' id='word_1_63' title='bbox 250 1173 554 1235; x_wconf 88' lang='lat' dir='ltr'><strong>nuerunt.</strong></span> <span class='ocrx_word' id='word_1_64' title='bbox 1664 1223 1667 1226; x_wconf 87' lang='grc'><em>,</em></span> 
     </span>
    </p>

    <p class='ocr_par' dir='ltr' id='par_1_3' title="bbox 236 1275 2714 3069">
     <span class='ocr_line' id='line_1_9' title="bbox 433 1275 2710 1360; baseline -0.001 -19"><span class='ocrx_word' id='word_1_65' title='bbox 433 1277 578 1341; x_wconf 88' lang='lat' dir='ltr'><strong>Tac.</strong></span> <span class='ocrx_word' id='word_1_66' title='bbox 628 1299 777 1341; x_wconf 88' lang='lat' dir='ltr'><strong>ann.</strong></span> <span class='ocrx_word' id='word_1_67' title='bbox 821 1275 889 1340; x_wconf 90' lang='lat' dir='ltr'><strong>II</strong></span> <span class='ocrx_word' id='word_1_68' title='bbox 899 1327 916 1359; x_wconf 89' lang='lat'><strong>,</strong></span> <span class='ocrx_word' id='word_1_69' title='bbox 964 1276 1052 1339; x_wconf 87' lang='lat'><strong>42</strong></span> <span class='ocrx_word' id='word_1_70' title='bbox 1105 1277 1162 1341; x_wconf 84' lang='lat' dir='ltr'><strong>si</strong></span> <span class='ocrx_word' id='word_1_71' title='bbox 1215 1278 1302 1342; x_wconf 86' lang='lat' dir='ltr'><strong>ad</strong></span> <span class='ocrx_word' id='word_1_72' title='bbox 1342 1277 1726 1358; x_wconf 76' lang='lat' dir='ltr'><strong>precandam</strong></span> <span class='ocrx_word' id='word_1_73' title='bbox 1770 1277 2015 1340; x_wconf 86' lang='lat' dir='ltr'><strong>veniret.</strong></span> <span class='ocrx_word' id='word_1_74' title='bbox 2102 1275 2194 1360; x_wconf 88' lang='lat' dir='ltr'><strong>II,</strong></span> <span class='ocrx_word' id='word_1_75' title='bbox 2241 1277 2326 1341; x_wconf 92' lang='grc'><strong>66</strong></span> <span class='ocrx_word' id='word_1_76' title='bbox 2381 1295 2710 1342; x_wconf 86' lang='lat' dir='ltr'><strong>accommo-</strong></span> 
     </span>
     <span class='ocr_line' id='line_1_10' title="bbox 251 1381 2708 1466; baseline -0.001 -18"><span class='ocrx_word' id='word_1_77' title='bbox 251 1385 554 1449; x_wconf 82' lang='lat' dir='ltr'><strong>datiorem</strong></span> <span class='ocrx_word' id='word_1_78' title='bbox 599 1385 684 1448; x_wconf 79' lang='lat' dir='ltr'><strong>ad</strong></span> <span class='ocrx_word' id='word_1_79' title='bbox 730 1383 1094 1464; x_wconf 79' lang='lat' dir='ltr'><strong>fallendam.</strong></span> <span class='ocrx_word' id='word_1_80' title='bbox 1178 1381 1305 1466; x_wconf 94' lang='lat' dir='ltr'><strong>III,</strong></span> <span class='ocrx_word' id='word_1_81' title='bbox 1353 1382 1433 1447; x_wconf 85' lang='lat'><strong>51</strong></span> <span class='ocrx_word' id='word_1_82' title='bbox 1495 1403 1624 1447; x_wconf 89' lang='lat' dir='ltr'><strong>non</strong></span> <span class='ocrx_word' id='word_1_83' title='bbox 1676 1384 1921 1448; x_wconf 79' lang='lat' dir='ltr'><strong>senatui</strong></span> <span class='ocrx_word' id='word_1_84' title='bbox 1976 1383 2224 1448; x_wconf 84' lang='lat' dir='ltr'><strong>libertas</strong></span> <span class='ocrx_word' id='word_1_85' title='bbox 2268 1384 2354 1447; x_wconf 83' lang='lat' dir='ltr'><strong>ad</strong></span> <span class='ocrx_word' id='word_1_86' title='bbox 2394 1384 2708 1464; x_wconf 75' lang='lat' dir='ltr'><strong>poeniten-</strong></span> 
     </span>
     <span class='ocr_line' id='line_1_11' title="bbox 253 1488 2703 1574; baseline -0.001 -19"><span class='ocrx_word' id='word_1_87' title='bbox 253 1492 404 1555; x_wconf 80' lang='lat' dir='ltr'><strong>dum</strong></span> <span class='ocrx_word' id='word_1_88' title='bbox 439 1495 589 1554; x_wconf 88' lang='lat' dir='ltr'><strong>erat.</strong></span> <span class='ocrx_word' id='word_1_89' title='bbox 657 1488 784 1574; x_wconf 94' lang='lat' dir='ltr'><strong>III,</strong></span> <span class='ocrx_word' id='word_1_90' title='bbox 823 1491 906 1555; x_wconf 86' lang='lat'><strong>67</strong></span> <span class='ocrx_word' id='word_1_91' title='bbox 955 1490 1042 1554; x_wconf 78' lang='lat' dir='ltr'><strong>ad</strong></span> <span class='ocrx_word' id='word_1_92' title='bbox 1085 1489 1501 1554; x_wconf 78' lang='lat' dir='ltr'><strong>accasandwn</strong></span> <span class='ocrx_word' id='word_1_93' title='bbox 1546 1490 1801 1555; x_wconf 70' lang='lat' dir='ltr'><strong>delectis</strong></span> <span class='ocrx_word' id='word_1_94' title='bbox 1874 1489 1985 1573; x_wconf 93' lang='lat' dir='ltr'><strong>IV,</strong></span> <span class='ocrx_word' id='word_1_95' title='bbox 2028 1488 2103 1554; x_wconf 89' lang='lat'><strong>11</strong></span> <span class='ocrx_word' id='word_1_96' title='bbox 2154 1489 2329 1554; x_wconf 77' lang='lat' dir='ltr'><strong>nullo</strong></span> <span class='ocrx_word' id='word_1_97' title='bbox 2374 1488 2461 1553; x_wconf 80' lang='lat' dir='ltr'><strong>ad</strong></span> <span class='ocrx_word' id='word_1_98' title='bbox 2489 1490 2703 1572; x_wconf 76' lang='lat' dir='ltr'><strong>poeni-</strong></span> 
     </span>
     <span class='ocr_line' id='line_1_12' title="bbox 259 1594 2711 1680; baseline 0 -20"><span class='ocrx_word' id='word_1_99' title='bbox 259 1597 506 1660; x_wconf 81' lang='lat' dir='ltr'><strong>tendum</strong></span> <span class='ocrx_word' id='word_1_100' title='bbox 567 1616 856 1678; x_wconf 70' lang='lat' dir='ltr'><strong>reyressa.</strong></span> <span class='ocrx_word' id='word_1_101' title='bbox 945 1594 1070 1680; x_wconf 91' lang='lat' dir='ltr'><strong>IV,</strong></span> <span class='ocrx_word' id='word_1_102' title='bbox 1117 1596 1203 1660; x_wconf 91' lang='grc'><strong>26</strong></span> <span class='ocrx_word' id='word_1_103' title='bbox 1262 1617 1410 1677; x_wconf 71' lang='lat' dir='ltr'><strong>qens</strong></span> <span class='ocrx_word' id='word_1_104' title='bbox 1472 1646 1485 1659; x_wconf 94' lang='lat'><strong>.</strong></span> <span class='ocrx_word' id='word_1_105' title='bbox 1523 1646 1538 1660; x_wconf 90' lang='lat'><strong>.</strong></span> <span class='ocrx_word' id='word_1_106' title='bbox 1579 1647 1592 1660; x_wconf 94' lang='lat'><strong>.</strong></span> <span class='ocrx_word' id='word_1_107' title='bbox 1631 1646 1646 1660; x_wconf 86' lang='lat'><strong>.</strong></span> <span class='ocrx_word' id='word_1_108' title='bbox 1712 1596 1798 1658; x_wconf 81' lang='lat' dir='ltr'><strong>ad</strong></span> <span class='ocrx_word' id='word_1_109' title='bbox 1856 1596 2013 1659; x_wconf 84' lang='lat' dir='ltr'><strong>satis</strong></span> <span class='ocrx_word' id='word_1_110' title='bbox 2070 1595 2427 1675; x_wconf 80' lang='lat' dir='ltr'><strong>faciendam</strong></span> <span class='ocrx_word' id='word_1_111' title='bbox 2480 1596 2711 1679; x_wconf 77' lang='lat' dir='ltr'><strong>populo</strong></span> 
     </span>
     <span class='ocr_line' id='line_1_13' title="bbox 253 1701 2709 1787; baseline 0 -19"><span class='ocrx_word' id='word_1_112' title='bbox 253 1703 536 1770; x_wconf 87' lang='lat' dir='ltr'><strong>Romano</strong></span> <span class='ocrx_word' id='word_1_113' title='bbox 572 1705 838 1785; x_wconf 75' lang='lat' dir='ltr'><strong>miserat.</strong></span> <span class='ocrx_word' id='word_1_114' title='bbox 902 1701 983 1787; x_wconf 89' lang='lat' dir='ltr'><strong>V,</strong></span> <span class='ocrx_word' id='word_1_115' title='bbox 1017 1703 1052 1766; x_wconf 88' lang='lat'>1</span> <span class='ocrx_word' id='word_1_116' title='bbox 1096 1723 1173 1768; x_wconf 88' lang='lat' dir='ltr'><strong>ne</strong></span> <span class='ocrx_word' id='word_1_117' title='bbox 1212 1704 1413 1786; x_wconf 73' lang='lat' dir='ltr'><strong>spatio</strong></span> <span class='ocrx_word' id='word_1_118' title='bbox 1453 1703 1697 1783; x_wconf 77' lang='lat' dir='ltr'><strong>quidem</strong></span> <span class='ocrx_word' id='word_1_119' title='bbox 1734 1703 1821 1766; x_wconf 86' lang='lat' dir='ltr'><strong>ad</strong></span> <span class='ocrx_word' id='word_1_120' title='bbox 1857 1703 2205 1767; x_wconf 74' lang='lat' dir='ltr'><strong>enitendum</strong></span> <span class='ocrx_word' id='word_1_121' title='bbox 2240 1705 2399 1768; x_wconf 81' lang='lat' dir='ltr'><strong>date.</strong></span> <span class='ocrx_word' id='word_1_122' title='bbox 2464 1702 2640 1786; x_wconf 86' lang='lat' dir='ltr'><strong>XIV,</strong></span> <span class='ocrx_word' id='word_1_123' title='bbox 2670 1703 2709 1767; x_wconf 89' lang='lat'>8</span> 
     </span>
     <span class='ocr_line' id='line_1_14' title="bbox 249 1808 2708 1894; baseline -0.002 -18"><span class='ocrx_word' id='word_1_124' title='bbox 249 1812 308 1875; x_wconf 79' lang='lat' dir='ltr'><strong>si</strong></span> <span class='ocrx_word' id='word_1_125' title='bbox 352 1813 439 1876; x_wconf 80' lang='lat' dir='ltr'><strong>ad</strong></span> <span class='ocrx_word' id='word_1_126' title='bbox 477 1811 796 1876; x_wconf 77' lang='lat' dir='ltr'><strong>visendam</strong></span> <span class='ocrx_word' id='word_1_127' title='bbox 839 1811 1110 1874; x_wconf 82' lang='lat' dir='ltr'><strong>venisset.</strong></span> <span class='ocrx_word' id='word_1_128' title='bbox 1207 1808 1412 1894; x_wconf 86' lang='lat' dir='ltr'>XV1‚.</span> <span class='ocrx_word' id='word_1_129' title='bbox 1441 1810 1479 1873; x_wconf 89' lang='lat'>8</span> <span class='ocrx_word' id='word_1_130' title='bbox 1539 1810 1626 1873; x_wconf 81' lang='lat' dir='ltr'><strong>ad</strong></span> <span class='ocrx_word' id='word_1_131' title='bbox 1656 1810 2147 1891; x_wconf 77' lang='lat' dir='ltr'><strong>praecavendum</strong></span> <span class='ocrx_word' id='word_1_132' title='bbox 2192 1811 2517 1874; x_wconf 76' lang='lat' dir='ltr'><strong>eaterritus</strong></span> <span class='ocrx_word' id='word_1_133' title='bbox 2560 1814 2708 1873; x_wconf 88' lang='lat' dir='ltr'><strong>erat.</strong></span> 
     </span>
     <span class='ocr_line' id='line_1_15' title="bbox 250 1913 2709 2002; baseline -0 -21"><span class='ocrx_word' id='word_1_134' title='bbox 250 1916 429 2002; x_wconf 90' lang='lat' dir='ltr'><strong>XVI,</strong></span> <span class='ocrx_word' id='word_1_135' title='bbox 479 1917 560 1982; x_wconf 88' lang='lat'><strong>10</strong></span> <span class='ocrx_word' id='word_1_136' title='bbox 616 1917 705 1981; x_wconf 85' lang='lat' dir='ltr'><strong>ad</strong></span> <span class='ocrx_word' id='word_1_137' title='bbox 755 1918 1184 1982; x_wconf 72' lang='lat' dir='ltr'><strong>accusandum.</strong></span> <span class='ocrx_word' id='word_1_138' title='bbox 1284 1916 1435 1980; x_wconf 87' lang='lat' dir='ltr'><strong>hist.</strong></span> <span class='ocrx_word' id='word_1_139' title='bbox 1481 1913 1542 1999; x_wconf 90' lang='lat' dir='ltr'><strong>I,</strong></span> <span class='ocrx_word' id='word_1_140' title='bbox 1589 1914 1671 1979; x_wconf 84' lang='lat'><strong>51</strong></span> <span class='ocrx_word' id='word_1_141' title='bbox 1732 1917 1838 1980; x_wconf 80' lang='lat' dir='ltr'><strong>sed</strong></span> <span class='ocrx_word' id='word_1_142' title='bbox 1876 1917 2165 1998; x_wconf 75' lang='lat' dir='ltr'><strong>plurima</strong></span> <span class='ocrx_word' id='word_1_143' title='bbox 2218 1918 2304 1980; x_wconf 81' lang='lat' dir='ltr'><strong>ad</strong></span> <span class='ocrx_word' id='word_1_144' title='bbox 2354 1917 2709 2000; x_wconf 73' lang='lat' dir='ltr'><strong>finyendum</strong></span> 
     </span>
     <span class='ocr_line' id='line_1_16' title="bbox 250 2019 2714 2109; baseline -0 -20"><span class='ocrx_word' id='word_1_145' title='bbox 250 2025 726 2106; x_wconf 76' lang='lat' dir='ltr'><strong>credendumque</strong></span> <span class='ocrx_word' id='word_1_146' title='bbox 770 2024 1067 2088; x_wconf 84' lang='lat' dir='ltr'><strong>materies.</strong></span> <span class='ocrx_word' id='word_1_147' title='bbox 1140 2019 1232 2102; x_wconf 87' lang='grc' dir='ltr'><strong>ΙΙ,</strong></span> <span class='ocrx_word' id='word_1_148' title='bbox 1271 2022 1310 2087; x_wconf 88' lang='lat'>8</span> <span class='ocrx_word' id='word_1_149' title='bbox 1346 2022 1610 2105; x_wconf 76' lang='lat' dir='ltr'><strong>pronior</strong></span> <span class='ocrx_word' id='word_1_150' title='bbox 1654 2023 1741 2086; x_wconf 82' lang='lat' dir='ltr'><strong>ad</strong></span> <span class='ocrx_word' id='word_1_151' title='bbox 1778 2022 2123 2102; x_wconf 78' lang='lat' dir='ltr'><strong>fallendam</strong></span> <span class='ocrx_word' id='word_1_152' title='bbox 2158 2025 2323 2105; x_wconf 74' lang='lat' dir='ltr'><strong>fides,</strong></span> <span class='ocrx_word' id='word_1_153' title='bbox 2408 2023 2501 2109; x_wconf 91' lang='lat' dir='ltr'><strong>II,</strong></span> <span class='ocrx_word' id='word_1_154' title='bbox 2539 2025 2578 2088; x_wconf 90' lang='lat'>9</span> <span class='ocrx_word' id='word_1_155' title='bbox 2627 2025 2714 2089; x_wconf 82' lang='lat' dir='ltr'><strong>ad</strong></span> 
     </span>
     <span class='ocr_line' id='line_1_17' title="bbox 244 2128 2705 2214; baseline -0.001 -17"><span class='ocrx_word' id='word_1_156' title='bbox 244 2132 744 2214; x_wconf 75' lang='lat' dir='ltr'><strong>prosequendam.</strong></span> <span class='ocrx_word' id='word_1_157' title='bbox 815 2129 883 2194; x_wconf 98' lang='grc' dir='ltr'><strong>ΙΙ</strong></span> <span class='ocrx_word' id='word_1_158' title='bbox 895 2181 912 2214; x_wconf 86' lang='grc'>,</span> <span class='ocrx_word' id='word_1_159' title='bbox 955 2130 1037 2194; x_wconf 89' lang='grc'><strong>14</strong></span> <span class='ocrx_word' id='word_1_160' title='bbox 1083 2135 1234 2212; x_wconf 76' lang='lat' dir='ltr'><strong>apta</strong></span> <span class='ocrx_word' id='word_1_161' title='bbox 1279 2130 1366 2194; x_wconf 83' lang='lat' dir='ltr'><strong>ad</strong></span> <span class='ocrx_word' id='word_1_162' title='bbox 1407 2128 1755 2193; x_wconf 78' lang='lat' dir='ltr'><strong>iaciendum</strong></span> <span class='ocrx_word' id='word_1_163' title='bbox 1799 2130 1985 2193; x_wconf 84' lang='lat' dir='ltr'><strong>etiam</strong></span> <span class='ocrx_word' id='word_1_164' title='bbox 2023 2150 2420 2213; x_wconf 73' lang='lat' dir='ltr'><strong>payanoram</strong></span> <span class='ocrx_word' id='word_1_165' title='bbox 2464 2151 2705 2196; x_wconf 69' lang='lat' dir='ltr'><strong>manua</strong></span> 
     </span>
     <span class='ocr_line' id='line_1_18' title="bbox 253 2233 2703 2320; baseline 0.001 -20"><span class='ocrx_word' id='word_1_166' title='bbox 253 2236 286 2300; x_wconf 91' lang='grc' dir='ltr'>Ι</span> <span class='ocrx_word' id='word_1_167' title='bbox 296 2287 314 2320; x_wconf 84' lang='grc'>,</span> <span class='ocrx_word' id='word_1_168' title='bbox 345 2239 381 2302; x_wconf 98' lang='lat'><strong>7</strong></span> <span class='ocrx_word' id='word_1_169' title='bbox 392 2239 432 2302; x_wconf 84' lang='lat'>9</span> <span class='ocrx_word' id='word_1_170' title='bbox 476 2237 745 2302; x_wconf 78' lang='lat' dir='ltr'><strong>inhabile</strong></span> <span class='ocrx_word' id='word_1_171' title='bbox 779 2238 866 2302; x_wconf 80' lang='lat' dir='ltr'><strong>ad</strong></span> <span class='ocrx_word' id='word_1_172' title='bbox 898 2237 1350 2320; x_wconf 67' lang='lat' dir='ltr'><strong>resumendam.</strong></span> <span class='ocrx_word' id='word_1_173' title='bbox 1422 2235 1487 2299; x_wconf 97' lang='grc' dir='ltr'><strong>ΙΙ</strong></span> <span class='ocrx_word' id='word_1_174' title='bbox 1499 2287 1517 2320; x_wconf 92' lang='lat'><strong>,</strong></span> <span class='ocrx_word' id='word_1_175' title='bbox 1545 2235 1628 2299; x_wconf 85' lang='lat'><strong>33</strong></span> <span class='ocrx_word' id='word_1_176' title='bbox 1682 2233 1837 2299; x_wconf 79' lang='lat' dir='ltr'><strong>Otho</strong></span> <span class='ocrx_word' id='word_1_177' title='bbox 1863 2256 2105 2317; x_wconf 78' lang='lat' dir='ltr'><strong>pronas</strong></span> <span class='ocrx_word' id='word_1_178' title='bbox 2141 2238 2229 2301; x_wconf 84' lang='lat' dir='ltr'><strong>ad</strong></span> <span class='ocrx_word' id='word_1_179' title='bbox 2260 2239 2703 2302; x_wconf 77' lang='lat' dir='ltr'><strong>decertandum.</strong></span> 
     </span>
     <span class='ocr_line' id='line_1_19' title="bbox 252 2341 2705 2428; baseline 0.002 -23"><span class='ocrx_word' id='word_1_180' title='bbox 252 2342 342 2426; x_wconf 85' lang='grc' dir='ltr'><strong>ΙΙ,</strong></span> <span class='ocrx_word' id='word_1_181' title='bbox 379 2343 468 2408; x_wconf 88' lang='lat'><strong>40</strong></span> <span class='ocrx_word' id='word_1_182' title='bbox 505 2345 592 2409; x_wconf 79' lang='lat' dir='ltr'><strong>ad</strong></span> <span class='ocrx_word' id='word_1_183' title='bbox 624 2343 988 2408; x_wconf 79' lang='lat' dir='ltr'><strong>bellandam.</strong></span> <span class='ocrx_word' id='word_1_184' title='bbox 1061 2343 1145 2428; x_wconf 88' lang='lat' dir='ltr'><strong>H,</strong></span> <span class='ocrx_word' id='word_1_185' title='bbox 1183 2344 1265 2409; x_wconf 94' lang='lat'><strong>87</strong></span> <span class='ocrx_word' id='word_1_186' title='bbox 1309 2341 1605 2407; x_wconf 76' lang='lat' dir='ltr'><strong>inhabilis</strong></span> <span class='ocrx_word' id='word_1_187' title='bbox 1641 2343 1728 2406; x_wconf 85' lang='lat' dir='ltr'><strong>ad</strong></span> <span class='ocrx_word' id='word_1_188' title='bbox 1748 2345 2117 2424; x_wconf 76' lang='lat' dir='ltr'><strong>parendum.</strong></span> <span class='ocrx_word' id='word_1_189' title='bbox 2192 2342 2310 2428; x_wconf 81' lang='grc' dir='ltr'>ΙΙΙ,</span> <span class='ocrx_word' id='word_1_190' title='bbox 2354 2344 2433 2408; x_wconf 88' lang='lat'><strong>15</strong></span> <span class='ocrx_word' id='word_1_191' title='bbox 2459 2349 2705 2427; x_wconf 76' lang='lat' dir='ltr'><strong>postero</strong></span> 
     </span>
     <span class='ocr_line' id='line_1_20' title="bbox 250 2449 2707 2533; baseline 0 -19"><span class='ocrx_word' id='word_1_192' title='bbox 250 2451 348 2514; x_wconf 83' lang='lat' dir='ltr'><strong>die</strong></span> <span class='ocrx_word' id='word_1_193' title='bbox 392 2452 479 2514; x_wconf 83' lang='lat' dir='ltr'><strong>ad</strong></span> <span class='ocrx_word' id='word_1_194' title='bbox 521 2451 923 2514; x_wconf 76' lang='lat' dir='ltr'><strong>muniendum</strong></span> <span class='ocrx_word' id='word_1_195' title='bbox 966 2451 1227 2515; x_wconf 84' lang='lat' dir='ltr'><strong>retentis.</strong></span> <span class='ocrx_word' id='word_1_196' title='bbox 1321 2449 1419 2513; x_wconf 91' lang='lat' dir='ltr'><strong>III</strong></span> <span class='ocrx_word' id='word_1_197' title='bbox 1436 2500 1453 2533; x_wconf 87' lang='lat'><strong>,</strong></span> <span class='ocrx_word' id='word_1_198' title='bbox 1505 2450 1584 2513; x_wconf 88' lang='lat'><strong>18</strong></span> <span class='ocrx_word' id='word_1_199' title='bbox 1641 2449 1941 2513; x_wconf 76' lang='lat' dir='ltr'><strong>minorem</strong></span> <span class='ocrx_word' id='word_1_200' title='bbox 1988 2451 2075 2514; x_wconf 82' lang='lat' dir='ltr'><strong>ad</strong></span> <span class='ocrx_word' id='word_1_201' title='bbox 2125 2452 2524 2516; x_wconf 78' lang='lat' dir='ltr'><strong>resistendam</strong></span> <span class='ocrx_word' id='word_1_202' title='bbox 2570 2451 2707 2515; x_wconf 90' lang='lat' dir='ltr'><strong>ani-</strong></span> 
     </span>
     <span class='ocr_line' id='line_1_21' title="bbox 254 2547 2714 2641; baseline 0.001 -22"><span class='ocrx_word' id='word_1_203' title='bbox 254 2575 427 2620; x_wconf 81' lang='lat' dir='ltr'><strong>mum</strong></span> <span class='ocrx_word' id='word_1_204' title='bbox 473 2555 719 2622; x_wconf 79' lang='lat' dir='ltr'><strong>dabant.</strong></span> <span class='ocrx_word' id='word_1_205' title='bbox 792 2554 915 2641; x_wconf 85' lang='grc' dir='ltr'><strong>ΠΙ,</strong></span> <span class='ocrx_word' id='word_1_206' title='bbox 953 2556 1038 2622; x_wconf 88' lang='lat'><strong>41</strong></span> <span class='ocrx_word' id='word_1_207' title='bbox 1088 2577 1278 2640; x_wconf 78' lang='lat' dir='ltr'><strong>neque</strong></span> <span class='ocrx_word' id='word_1_208' title='bbox 1321 2557 1409 2621; x_wconf 85' lang='lat' dir='ltr'><strong>ad</strong></span> <span class='ocrx_word' id='word_1_209' title='bbox 1445 2547 1793 2637; x_wconf 72' lang='lat' dir='ltr'><strong>fallendam</strong></span> <span class='ocrx_word' id='word_1_210' title='bbox 1828 2560 2012 2639; x_wconf 76' lang='lat' dir='ltr'><strong>aptus</strong></span> <span class='ocrx_word' id='word_1_211' title='bbox 2056 2576 2350 2621; x_wconf 77' lang='lat' dir='ltr'><strong>numerus</strong></span> <span class='ocrx_word' id='word_1_212' title='bbox 2393 2577 2583 2639; x_wconf 79' lang='lat' dir='ltr'><strong>neque</strong></span> <span class='ocrx_word' id='word_1_213' title='bbox 2626 2557 2714 2622; x_wconf 86' lang='lat' dir='ltr'><strong>ad</strong></span> 
     </span>
     <span class='ocr_line' id='line_1_22' title="bbox 236 2661 2706 2747; baseline 0 -20"><span class='ocrx_word' id='word_1_214' title='bbox 236 2664 711 2745; x_wconf 78' lang='lat' dir='ltr'><strong>penetrandam.</strong></span> <span class='ocrx_word' id='word_1_215' title='bbox 785 2663 908 2747; x_wconf 92' lang='lat' dir='ltr'><strong>IV,</strong></span> <span class='ocrx_word' id='word_1_216' title='bbox 953 2663 1034 2728; x_wconf 84' lang='lat'><strong>15</strong></span> <span class='ocrx_word' id='word_1_217' title='bbox 1079 2665 1236 2729; x_wconf 83' lang='lat' dir='ltr'><strong>satis</strong></span> <span class='ocrx_word' id='word_1_218' title='bbox 1279 2664 1510 2727; x_wconf 76' lang='lat' dir='ltr'><strong>viriam</strong></span> <span class='ocrx_word' id='word_1_219' title='bbox 1545 2664 1631 2726; x_wconf 82' lang='lat' dir='ltr'><strong>ad</strong></span> <span class='ocrx_word' id='word_1_220' title='bbox 1674 2663 2023 2727; x_wconf 81' lang='lat' dir='ltr'><strong>arcendam.</strong></span> <span class='ocrx_word' id='word_1_221' title='bbox 2097 2661 2184 2747; x_wconf 90' lang='lat' dir='ltr'><strong>V,</strong></span> <span class='ocrx_word' id='word_1_222' title='bbox 2230 2664 2313 2727; x_wconf 90' lang='grc'><strong>22</strong></span> <span class='ocrx_word' id='word_1_223' title='bbox 2360 2664 2448 2728; x_wconf 86' lang='lat' dir='ltr'><strong>ad</strong></span> <span class='ocrx_word' id='word_1_224' title='bbox 2484 2663 2706 2744; x_wconf 80' lang='lat' dir='ltr'><strong>fallen-</strong></span> 
     </span>
     <span class='ocr_line' id='line_1_23' title="bbox 247 2770 2707 2853; baseline -0 -19"><span class='ocrx_word' id='word_1_225' title='bbox 247 2771 399 2834; x_wconf 81' lang='lat' dir='ltr'><strong>dam</strong></span> <span class='ocrx_word' id='word_1_226' title='bbox 453 2770 696 2835; x_wconf 84' lang='lat' dir='ltr'><strong>silentio</strong></span> <span class='ocrx_word' id='word_1_227' title='bbox 759 2771 854 2835; x_wconf 90' lang='lat' dir='ltr'><strong>ita</strong></span> <span class='ocrx_word' id='word_1_228' title='bbox 920 2776 1127 2853; x_wconf 76' lang='lat' dir='ltr'><strong>coepta</strong></span> <span class='ocrx_word' id='word_1_229' title='bbox 1185 2772 1360 2835; x_wconf 82' lang='lat' dir='ltr'><strong>caede</strong></span> <span class='ocrx_word' id='word_1_230' title='bbox 1415 2820 1428 2835; x_wconf 92' lang='lat'><strong>.</strong></span> <span class='ocrx_word' id='word_1_231' title='bbox 1469 2822 1482 2835; x_wconf 92' lang='lat'>.</span> <span class='ocrx_word' id='word_1_232' title='bbox 1522 2821 1535 2834; x_wconf 89' lang='lat'><strong>.</strong></span> <span class='ocrx_word' id='word_1_233' title='bbox 1575 2818 1588 2833; x_wconf 92' lang='lat'><strong>.</strong></span> <span class='ocrx_word' id='word_1_234' title='bbox 1654 2774 1870 2835; x_wconf 81' lang='lat' dir='ltr'><strong>cuncta</strong></span> <span class='ocrx_word' id='word_1_235' title='bbox 1932 2770 2301 2837; x_wconf 78' lang='lat' dir='ltr'><strong>clamoribus</strong></span> <span class='ocrx_word' id='word_1_236' title='bbox 2364 2770 2707 2835; x_wconf 80' lang='lat' dir='ltr'><strong>miscebant.</strong></span> 
     </span>
     <span class='ocr_line' id='line_1_24' title="bbox 248 2874 2708 2961; baseline 0.001 -22"><span class='ocrx_word' id='word_1_237' title='bbox 248 2874 468 2961; x_wconf 86' lang='lat' dir='ltr'><strong>Agric.</strong></span> <span class='ocrx_word' id='word_1_238' title='bbox 519 2877 554 2940; x_wconf 95' lang='lat'><strong>7</strong></span> <span class='ocrx_word' id='word_1_239' title='bbox 605 2877 692 2941; x_wconf 79' lang='lat' dir='ltr'><strong>ad</strong></span> <span class='ocrx_word' id='word_1_240' title='bbox 731 2876 1126 2942; x_wconf 75' lang='lat' dir='ltr'><strong>cohibendum</strong></span> <span class='ocrx_word' id='word_1_241' title='bbox 1160 2881 1395 2958; x_wconf 74' lang='lat' dir='ltr'><strong>potens.</strong></span> <span class='ocrx_word' id='word_1_242' title='bbox 1483 2875 1649 2942; x_wconf 91' lang='lat' dir='ltr'><strong>Vell.</strong></span> <span class='ocrx_word' id='word_1_243' title='bbox 1698 2877 1767 2960; x_wconf 86' lang='grc'><strong>2,</strong></span> <span class='ocrx_word' id='word_1_244' title='bbox 1816 2876 1852 2939; x_wconf 97' lang='lat'><strong>7</strong></span> <span class='ocrx_word' id='word_1_245' title='bbox 1902 2877 2049 2941; x_wconf 85' lang='lat' dir='ltr'><strong>civis</strong></span> <span class='ocrx_word' id='word_1_246' title='bbox 2092 2876 2409 2942; x_wconf 85' lang='lat' dir='ltr'><strong>Romanos</strong></span> <span class='ocrx_word' id='word_1_247' title='bbox 2452 2878 2539 2942; x_wconf 82' lang='lat' dir='ltr'><strong>ad</strong></span> <span class='ocrx_word' id='word_1_248' title='bbox 2579 2897 2708 2941; x_wconf 87' lang='lat' dir='ltr'><strong>cen-</strong></span> 
     </span>
     <span class='ocr_line' id='line_1_25' title="bbox 249 2969 2705 3069; baseline 0.001 -22"><span class='ocrx_word' id='word_1_249' title='bbox 249 2984 506 3047; x_wconf 81' lang='lat' dir='ltr'><strong>sendam</strong></span> <span class='ocrx_word' id='word_1_250' title='bbox 542 3002 619 3047; x_wconf 76' lang='lat' dir='ltr'><strong>ex</strong></span> <span class='ocrx_word' id='word_1_251' title='bbox 651 2984 995 3065; x_wconf 72' lang='lat' dir='ltr'><strong>provinciis</strong></span> <span class='ocrx_word' id='word_1_252' title='bbox 1035 2984 1107 3048; x_wconf 89' lang='lat' dir='ltr'><strong>in</strong></span> <span class='ocrx_word' id='word_1_253' title='bbox 1142 2983 1406 3048; x_wconf 83' lang='lat' dir='ltr'><strong>Italiam</strong></span> <span class='ocrx_word' id='word_1_254' title='bbox 1449 2986 1891 3047; x_wconf 72' lang='lat' dir='ltr'><strong>revocaverant.</strong></span> <span class='ocrx_word' id='word_1_255' title='bbox 1907 2979 1957 3068; x_wconf 88' lang='lat'><strong>¹)</strong></span> <span class='ocrx_word' id='word_1_256' title='bbox 2031 2982 2124 3069; x_wconf 80' lang='grc' dir='ltr'><strong>ΙΙ,</strong></span> <span class='ocrx_word' id='word_1_257' title='bbox 2164 2984 2242 3048; x_wconf 93' lang='grc'><strong>61</strong></span> <span class='ocrx_word' id='word_1_258' title='bbox 2294 2969 2387 3048; x_wconf 76' lang='lat' dir='ltr'><strong>vis</strong></span> <span class='ocrx_word' id='word_1_259' title='bbox 2428 2985 2518 3048; x_wconf 81' lang='lat' dir='ltr'><strong>ad</strong></span> <span class='ocrx_word' id='word_1_260' title='bbox 2558 2985 2705 3049; x_wconf 85' lang='lat' dir='ltr'><strong>resi—</strong></span> 
     </span>
    </p>
   </div>
   <div class='ocr_carea' id='block_1_3' title="bbox 259 3126 685 3135">
    <p class='ocr_par' dir='ltr' id='par_1_4' title="bbox 259 3126 685 3135">
     <span class='ocr_line' id='line_1_26' title="bbox 259 3126 685 3135; baseline 0 2100"><span class='ocrx_word' id='word_1_261' title='bbox 259 3126 685 3135; x_wconf 95' lang='lat' dir='ltr'><strong> </strong></span> 
     </span>
    </p>
   </div>
   <div class='ocr_carea' id='block_1_4' title="bbox 169 3192 2705 4849">
    <p class='ocr_par' dir='ltr' id='par_1_5' title="bbox 251 3192 2705 3617">
     <span class='ocr_line' id='line_1_27' title="bbox 401 3192 2705 3264; baseline 0 -18"><span class='ocrx_word' id='word_1_262' title='bbox 401 3194 454 3261; x_wconf 86' lang='lat'><strong>1)</strong></span> <span class='ocrx_word' id='word_1_263' title='bbox 489 3193 595 3247; x_wconf 85' lang='lat' dir='ltr'><strong>Hic</strong></span> <span class='ocrx_word' id='word_1_264' title='bbox 628 3194 784 3249; x_wconf 87' lang='lat' dir='ltr'><strong>locus</strong></span> <span class='ocrx_word' id='word_1_265' title='bbox 815 3192 1126 3248; x_wconf 87' lang='lat' dir='ltr'><strong>disserendi</strong></span> <span class='ocrx_word' id='word_1_266' title='bbox 1165 3193 1234 3248; x_wconf 90' lang='lat' dir='ltr'><strong>de</strong></span> <span class='ocrx_word' id='word_1_267' title='bbox 1275 3194 1346 3247; x_wconf 94' lang='lat' dir='ltr'><strong>iis</strong></span> <span class='ocrx_word' id='word_1_268' title='bbox 1374 3192 1687 3264; x_wconf 85' lang='lat' dir='ltr'><strong>gerundiis,</strong></span> <span class='ocrx_word' id='word_1_269' title='bbox 1729 3208 1871 3261; x_wconf 88' lang='lat' dir='ltr'><strong>quae</strong></span> <span class='ocrx_word' id='word_1_270' title='bbox 1908 3192 2191 3263; x_wconf 80' lang='lat' dir='ltr'><strong>passivam</strong></span> <span class='ocrx_word' id='word_1_271' title='bbox 2226 3194 2341 3247; x_wconf 86' lang='lat' dir='ltr'><strong>vim</strong></span> <span class='ocrx_word' id='word_1_272' title='bbox 2378 3192 2585 3248; x_wconf 86' lang='lat' dir='ltr'><strong>habere</strong></span> <span class='ocrx_word' id='word_1_273' title='bbox 2624 3194 2705 3249; x_wconf 88' lang='lat' dir='ltr'><strong>vi-</strong></span> 
     </span>
     <span class='ocr_line' id='line_1_28' title="bbox 261 3280 2705 3351; baseline 0.001 -18"><span class='ocrx_word' id='word_1_274' title='bbox 261 3281 486 3350; x_wconf 87' lang='lat' dir='ltr'><strong>dentur,</strong></span> <span class='ocrx_word' id='word_1_275' title='bbox 534 3282 882 3337; x_wconf 78' lang='lat' dir='ltr'><strong>occasionem</strong></span> <span class='ocrx_word' id='word_1_276' title='bbox 925 3282 1174 3351; x_wconf 89' lang='lat' dir='ltr'><strong>praebet.</strong></span> <span class='ocrx_word' id='word_1_277' title='bbox 1250 3283 1348 3337; x_wconf 88' lang='lat' dir='ltr'><strong>sed</strong></span> <span class='ocrx_word' id='word_1_278' title='bbox 1397 3300 1524 3337; x_wconf 89' lang='lat' dir='ltr'><strong>cum</strong></span> <span class='ocrx_word' id='word_1_279' title='bbox 1559 3282 1715 3337; x_wconf 85' lang='lat' dir='ltr'><strong>Kritz</strong></span> <span class='ocrx_word' id='word_1_280' title='bbox 1752 3282 1825 3335; x_wconf 87' lang='lat' dir='ltr'><strong>ad</strong></span> <span class='ocrx_word' id='word_1_281' title='bbox 1863 3280 1997 3335; x_wconf 86' lang='lat' dir='ltr'><strong>Sall.</strong></span> <span class='ocrx_word' id='word_1_282' title='bbox 2035 3280 2153 3351; x_wconf 84' lang='lat' dir='ltr'><strong>lug.</strong></span> <span class='ocrx_word' id='word_1_283' title='bbox 2193 3288 2286 3350; x_wconf 81' lang='lat'><strong>52,</strong></span> <span class='ocrx_word' id='word_1_284' title='bbox 2325 3288 2357 3336; x_wconf 93' lang='lat'>8</span> <span class='ocrx_word' id='word_1_285' title='bbox 2403 3284 2551 3337; x_wconf 88' lang='lat' dir='ltr'><strong>hanc</strong></span> <span class='ocrx_word' id='word_1_286' title='bbox 2588 3300 2705 3336; x_wconf 91' lang='lat' dir='ltr'><strong>rem</strong></span> 
     </span>
     <span class='ocr_line' id='line_1_29' title="bbox 255 3369 2704 3441; baseline 0.001 -18"><span class='ocrx_word' id='word_1_287' title='bbox 255 3369 479 3423; x_wconf 89' lang='lat' dir='ltr'><strong>uberius</strong></span> <span class='ocrx_word' id='word_1_288' title='bbox 515 3371 800 3441; x_wconf 86' lang='lat' dir='ltr'><strong>tractarit,</strong></span> <span class='ocrx_word' id='word_1_289' title='bbox 835 3372 1028 3425; x_wconf 88' lang='lat' dir='ltr'><strong>nostra</strong></span> <span class='ocrx_word' id='word_1_290' title='bbox 1065 3370 1365 3439; x_wconf 75' lang='lat' dir='ltr'><strong>explicatio</strong></span> <span class='ocrx_word' id='word_1_291' title='bbox 1403 3370 1815 3441; x_wconf 83' lang='lat' dir='ltr'><strong>angustissimis</strong></span> <span class='ocrx_word' id='word_1_292' title='bbox 1852 3370 2053 3425; x_wconf 88' lang='lat' dir='ltr'><strong>finibus</strong></span> <span class='ocrx_word' id='word_1_293' title='bbox 2092 3370 2459 3426; x_wconf 88' lang='lat' dir='ltr'><strong>contineatur.</strong></span> <span class='ocrx_word' id='word_1_294' title='bbox 2533 3373 2704 3440; x_wconf 87' lang='lat' dir='ltr'><strong>atque</strong></span> 
     </span>
     <span class='ocr_line' id='line_1_30' title="bbox 251 3455 2705 3529; baseline 0.001 -20"><span class='ocrx_word' id='word_1_295' title='bbox 251 3455 551 3527; x_wconf 86' lang='lat' dir='ltr'><strong>impugnat</strong></span> <span class='ocrx_word' id='word_1_296' title='bbox 584 3458 742 3513; x_wconf 83' lang='lat' dir='ltr'><strong>Kritz</strong></span> <span class='ocrx_word' id='word_1_297' title='bbox 780 3474 902 3513; x_wconf 89' lang='lat' dir='ltr'><strong>eam</strong></span> <span class='ocrx_word' id='word_1_298' title='bbox 951 3458 1318 3528; x_wconf 83' lang='lat' dir='ltr'><strong>sententiam,</strong></span> <span class='ocrx_word' id='word_1_299' title='bbox 1365 3476 1434 3515; x_wconf 88' lang='lat' dir='ltr'><strong>ex</strong></span> <span class='ocrx_word' id='word_1_300' title='bbox 1483 3476 1594 3527; x_wconf 89' lang='lat' dir='ltr'><strong>qua</strong></span> <span class='ocrx_word' id='word_1_301' title='bbox 1639 3459 1995 3529; x_wconf 86' lang='lat' dir='ltr'><strong>exploratum</strong></span> <span class='ocrx_word' id='word_1_302' title='bbox 2042 3458 2129 3511; x_wconf 87' lang='lat' dir='ltr'><strong>est</strong></span> <span class='ocrx_word' id='word_1_303' title='bbox 2174 3458 2505 3527; x_wconf 85' lang='lat' dir='ltr'><strong>gerundium</strong></span> <span class='ocrx_word' id='word_1_304' title='bbox 2551 3460 2705 3514; x_wconf 88' lang='lat' dir='ltr'><strong>haud</strong></span> 
     </span>
     <span class='ocr_line' id='line_1_31' title="bbox 253 3502 1619 3617; baseline 0.004 -19"><span class='ocrx_word' id='word_1_305' title='bbox 253 3560 380 3599; x_wconf 83' lang='lat' dir='ltr'><strong>raro</strong></span> <span class='ocrx_word' id='word_1_306' title='bbox 417 3546 644 3615; x_wconf 83' lang='lat' dir='ltr'><strong>passiva</strong></span> <span class='ocrx_word' id='word_1_307' title='bbox 681 3546 1088 3617; x_wconf 84' lang='lat' dir='ltr'><strong>significatione</strong></span> <span class='ocrx_word' id='word_1_308' title='bbox 1126 3502 1443 3617; x_wconf 83' lang='lat' dir='ltr'><strong>praeditum</strong></span> <span class='ocrx_word' id='word_1_309' title='bbox 1482 3564 1619 3603; x_wconf 88' lang='lat' dir='ltr'><strong>esse.</strong></span> 
     </span>
    </p>

    <p class='ocr_par' dir='ltr' id='par_1_6' title="bbox 169 3602 2704 4501">
     <span class='ocr_line' id='line_1_32' title="bbox 394 3602 2703 3712; baseline 0.002 -26"><span class='ocrx_word' id='word_1_310' title='bbox 394 3632 496 3689; x_wconf 86' lang='lat' dir='ltr'><strong>Est</strong></span> <span class='ocrx_word' id='word_1_311' title='bbox 540 3635 692 3691; x_wconf 83' lang='lat' dir='ltr'><strong>enim</strong></span> <span class='ocrx_word' id='word_1_312' title='bbox 745 3652 857 3691; x_wconf 91' lang='lat' dir='ltr'><strong>non</strong></span> <span class='ocrx_word' id='word_1_313' title='bbox 910 3639 1030 3691; x_wconf 83' lang='lat' dir='ltr'><strong>tam</strong></span> <span class='ocrx_word' id='word_1_314' title='bbox 1084 3636 1411 3707; x_wconf 71' lang='lat' dir='ltr'><strong>insolentia,</strong></span> <span class='ocrx_word' id='word_1_315' title='bbox 1470 3654 1638 3712; x_wconf 81' lang='lat' dir='ltr'><strong>quam</strong></span> <span class='ocrx_word' id='word_1_316' title='bbox 1692 3602 2051 3706; x_wconf 86' lang='lat' dir='ltr'><strong>neglegentia</strong></span> <span class='ocrx_word' id='word_1_317' title='bbox 2108 3637 2384 3704; x_wconf 87' lang='lat' dir='ltr'><strong>quaedam</strong></span> <span class='ocrx_word' id='word_1_318' title='bbox 2437 3636 2703 3692; x_wconf 89' lang='lat' dir='ltr'><strong>familiari</strong></span> 
     </span>
     <span class='ocr_line' id='line_1_33' title="bbox 257 3725 2704 3796; baseline 0 -19"><span class='ocrx_word' id='word_1_319' title='bbox 257 3725 498 3780; x_wconf 85' lang='lat' dir='ltr'><strong>sermoni</strong></span> <span class='ocrx_word' id='word_1_320' title='bbox 540 3725 794 3796; x_wconf 87' lang='lat' dir='ltr'><strong>propria,</strong></span> <span class='ocrx_word' id='word_1_321' title='bbox 849 3742 991 3793; x_wconf 88' lang='lat' dir='ltr'><strong>quae</strong></span> <span class='ocrx_word' id='word_1_322' title='bbox 1038 3725 1098 3779; x_wconf 93' lang='lat' dir='ltr'><strong>in</strong></span> <span class='ocrx_word' id='word_1_323' title='bbox 1152 3728 1362 3783; x_wconf 83' lang='lat' dir='ltr'><strong>talibus</strong></span> <span class='ocrx_word' id='word_1_324' title='bbox 1415 3726 1796 3781; x_wconf 90' lang='lat' dir='ltr'><strong>locutionibus</strong></span> <span class='ocrx_word' id='word_1_325' title='bbox 1844 3725 2128 3780; x_wconf 85' lang='lat' dir='ltr'><strong>invenitur</strong></span> <span class='ocrx_word' id='word_1_326' title='bbox 2174 3726 2485 3793; x_wconf 88' lang='lat' dir='ltr'><strong>errorisque</strong></span> <span class='ocrx_word' id='word_1_327' title='bbox 2534 3742 2704 3781; x_wconf 88' lang='lat' dir='ltr'><strong>causa</strong></span> 
     </span>
     <span class='ocr_line' id='line_1_34' title="bbox 255 3812 2703 3885; baseline 0 -18"><span class='ocrx_word' id='word_1_328' title='bbox 255 3815 390 3867; x_wconf 90' lang='lat' dir='ltr'><strong>erat.</strong></span> <span class='ocrx_word' id='word_1_329' title='bbox 464 3830 596 3867; x_wconf 90' lang='lat' dir='ltr'><strong>nam</strong></span> <span class='ocrx_word' id='word_1_330' title='bbox 637 3830 705 3867; x_wconf 84' lang='lat' dir='ltr'><strong>ex</strong></span> <span class='ocrx_word' id='word_1_331' title='bbox 741 3816 1008 3869; x_wconf 84' lang='lat' dir='ltr'><strong>accurata</strong></span> <span class='ocrx_word' id='word_1_332' title='bbox 1054 3817 1435 3885; x_wconf 85' lang='lat' dir='ltr'><strong>exemplorum</strong></span> <span class='ocrx_word' id='word_1_333' title='bbox 1479 3813 1915 3884; x_wconf 85' lang='lat' dir='ltr'><strong>perlustratione</strong></span> <span class='ocrx_word' id='word_1_334' title='bbox 1954 3830 2079 3867; x_wconf 92' lang='lat' dir='ltr'><strong>eam</strong></span> <span class='ocrx_word' id='word_1_335' title='bbox 2126 3812 2399 3868; x_wconf 88' lang='lat' dir='ltr'><strong>rationem</strong></span> <span class='ocrx_word' id='word_1_336' title='bbox 2447 3815 2703 3867; x_wconf 89' lang='lat' dir='ltr'><strong>omnibus</strong></span> 
     </span>
     <span class='ocr_line' id='line_1_35' title="bbox 251 3900 2702 3972; baseline 0.001 -19"><span class='ocrx_word' id='word_1_337' title='bbox 251 3900 396 3955; x_wconf 87' lang='lat' dir='ltr'><strong>locis</strong></span> <span class='ocrx_word' id='word_1_338' title='bbox 433 3902 658 3957; x_wconf 82' lang='lat' dir='ltr'><strong>subesse</strong></span> <span class='ocrx_word' id='word_1_339' title='bbox 696 3902 1088 3972; x_wconf 84' lang='lat' dir='ltr'><strong>intellegetur,</strong></span> <span class='ocrx_word' id='word_1_340' title='bbox 1115 3908 1167 3955; x_wconf 84' lang='lat' dir='ltr'><strong>‘e</strong></span> <span class='ocrx_word' id='word_1_341' title='bbox 1206 3918 1316 3971; x_wconf 87' lang='lat' dir='ltr'><strong>qua</strong></span> <span class='ocrx_word' id='word_1_342' title='bbox 1351 3919 1577 3957; x_wconf 88' lang='lat' dir='ltr'><strong>necesse</strong></span> <span class='ocrx_word' id='word_1_343' title='bbox 1615 3902 1691 3956; x_wconf 90' lang='lat' dir='ltr'><strong>sit</strong></span> <span class='ocrx_word' id='word_1_344' title='bbox 1727 3901 2065 3968; x_wconf 88' lang='lat' dir='ltr'><strong>subiectum,</strong></span> <span class='ocrx_word' id='word_1_345' title='bbox 2116 3902 2204 3955; x_wconf 90' lang='lat' dir='ltr'><strong>cui</strong></span> <span class='ocrx_word' id='word_1_346' title='bbox 2242 3900 2391 3956; x_wconf 89' lang='lat' dir='ltr'><strong>actio</strong></span> <span class='ocrx_word' id='word_1_347' title='bbox 2430 3902 2702 3972; x_wconf 78' lang='lat' dir='ltr'><strong>gei-undio</strong></span> 
     </span>
     <span class='ocr_line' id='line_1_36' title="bbox 253 3988 2701 4059; baseline 0 -17"><span class='ocrx_word' id='word_1_348' title='bbox 253 3988 572 4059; x_wconf 84' lang='lat' dir='ltr'><strong>significata</strong></span> <span class='ocrx_word' id='word_1_349' title='bbox 588 3990 870 4059; x_wconf 86' lang='lat' dir='ltr'><strong>tribuitur,</strong></span> <span class='ocrx_word' id='word_1_350' title='bbox 901 3992 958 4044; x_wconf 91' lang='lat' dir='ltr'><strong>et</strong></span> <span class='ocrx_word' id='word_1_351' title='bbox 978 3991 1126 4059; x_wconf 88' lang='lat' dir='ltr'><strong>quod</strong></span> <span class='ocrx_word' id='word_1_352' title='bbox 1145 4007 1258 4045; x_wconf 92' lang='lat' dir='ltr'><strong>non</strong></span> <span class='ocrx_word' id='word_1_353' title='bbox 1277 3991 1415 4046; x_wconf 88' lang='lat' dir='ltr'><strong>satis</strong></span> <span class='ocrx_word' id='word_1_354' title='bbox 1441 3990 1740 4046; x_wconf 87' lang='lat' dir='ltr'><strong>manifesto</strong></span> <span class='ocrx_word' id='word_1_355' title='bbox 1758 3989 2065 4045; x_wconf 84' lang='lat' dir='ltr'><strong>indicatum</strong></span> <span class='ocrx_word' id='word_1_356' title='bbox 2088 3992 2189 4059; x_wconf 89' lang='lat' dir='ltr'><strong>est,</strong></span> <span class='ocrx_word' id='word_1_357' title='bbox 2213 3990 2484 4059; x_wconf 85' lang='lat' dir='ltr'><strong>supplere.</strong></span> <span class='ocrx_word' id='word_1_358' title='bbox 2535 3990 2701 4045; x_wconf 86' lang='lat' dir='ltr'><strong>offen-</strong></span> 
     </span>
     <span class='ocr_line' id='line_1_37' title="bbox 253 4076 2702 4149; baseline 0.001 -20"><span class='ocrx_word' id='word_1_359' title='bbox 253 4076 402 4131; x_wconf 89' lang='lat' dir='ltr'><strong>sioni</strong></span> <span class='ocrx_word' id='word_1_360' title='bbox 435 4078 607 4133; x_wconf 80' lang='lat' dir='ltr'><strong>etiam</strong></span> <span class='ocrx_word' id='word_1_361' title='bbox 654 4080 766 4149; x_wconf 89' lang='lat' dir='ltr'><strong>est,</strong></span> <span class='ocrx_word' id='word_1_362' title='bbox 813 4079 963 4147; x_wconf 88' lang='lat' dir='ltr'><strong>quod</strong></span> <span class='ocrx_word' id='word_1_363' title='bbox 1009 4079 1192 4149; x_wconf 88' lang='lat' dir='ltr'><strong>ipsum</strong></span> <span class='ocrx_word' id='word_1_364' title='bbox 1227 4078 1388 4133; x_wconf 82' lang='lat' dir='ltr'><strong>verbi</strong></span> <span class='ocrx_word' id='word_1_365' title='bbox 1437 4078 1721 4134; x_wconf 86' lang='lat' dir='ltr'><strong>obiectum</strong></span> <span class='ocrx_word' id='word_1_366' title='bbox 1767 4093 2165 4146; x_wconf 88' lang='lat' dir='ltr'><strong>nonnunquam</strong></span> <span class='ocrx_word' id='word_1_367' title='bbox 2213 4094 2279 4132; x_wconf 87' lang='lat' dir='ltr'><strong>ex</strong></span> <span class='ocrx_word' id='word_1_368' title='bbox 2325 4078 2702 4134; x_wconf 89' lang='lat' dir='ltr'><strong>antecedenti-</strong></span> 
     </span>
     <span class='ocr_line' id='line_1_38' title="bbox 253 4165 2701 4238; baseline 0.001 -19"><span class='ocrx_word' id='word_1_369' title='bbox 253 4166 359 4219; x_wconf 90' lang='lat' dir='ltr'><strong>bus</strong></span> <span class='ocrx_word' id='word_1_370' title='bbox 395 4165 578 4235; x_wconf 86' lang='lat' dir='ltr'><strong>repeti</strong></span> <span class='ocrx_word' id='word_1_371' title='bbox 612 4167 795 4223; x_wconf 85' lang='lat' dir='ltr'><strong>debet.</strong></span> <span class='ocrx_word' id='word_1_372' title='bbox 870 4167 1071 4235; x_wconf 83' lang='lat' dir='ltr'><strong>&#39;quibus</strong></span> <span class='ocrx_word' id='word_1_373' title='bbox 1121 4166 1422 4238; x_wconf 83' lang='lat' dir='ltr'><strong>disputatis</strong></span> <span class='ocrx_word' id='word_1_374' title='bbox 1474 4166 1659 4227; x_wconf 85' lang='lat' dir='ltr'><strong>facile</strong></span> <span class='ocrx_word' id='word_1_375' title='bbox 1694 4166 1800 4221; x_wconf 87' lang='lat' dir='ltr'><strong>erit</strong></span> <span class='ocrx_word' id='word_1_376' title='bbox 1845 4166 2125 4235; x_wconf 86' lang='lat' dir='ltr'><strong>explicare</strong></span> <span class='ocrx_word' id='word_1_377' title='bbox 2162 4166 2309 4221; x_wconf 90' lang='lat' dir='ltr'><strong>Vell.</strong></span> <span class='ocrx_word' id='word_1_378' title='bbox 2348 4165 2424 4235; x_wconf 93' lang='lat' dir='ltr'><strong>II,</strong></span> <span class='ocrx_word' id='word_1_379' title='bbox 2466 4174 2495 4222; x_wconf 80' lang='grc'><strong>’1</strong></span> <span class='ocrx_word' id='word_1_380' title='bbox 2514 4209 2527 4234; x_wconf 90' lang='grc'>,</span> <span class='ocrx_word' id='word_1_381' title='bbox 2575 4185 2701 4222; x_wconf 87' lang='grc'><strong>011111</strong></span> 
     </span>
     <span class='ocr_line' id='line_1_39' title="bbox 249 4252 2703 4325; baseline 0.002 -18"><span class='ocrx_word' id='word_1_382' title='bbox 249 4252 426 4307; x_wconf 82' lang='lat' dir='ltr'><strong>verba</strong></span> <span class='ocrx_word' id='word_1_383' title='bbox 461 4257 693 4311; x_wconf 79' lang='lat' dir='ltr'><strong>maiores</strong></span> <span class='ocrx_word' id='word_1_384' title='bbox 732 4296 743 4308; x_wconf 92' lang='lat'><em>.</em></span> <span class='ocrx_word' id='word_1_385' title='bbox 777 4298 788 4310; x_wconf 93' lang='lat'><em>.</em></span> <span class='ocrx_word' id='word_1_386' title='bbox 822 4298 834 4310; x_wconf 95' lang='lat'><strong>.</strong></span> <span class='ocrx_word' id='word_1_387' title='bbox 866 4297 878 4310; x_wconf 90' lang='lat'>.</span> <span class='ocrx_word' id='word_1_388' title='bbox 927 4258 1066 4311; x_wconf 81' lang='lat' dir='ltr'><strong>cives</strong></span> <span class='ocrx_word' id='word_1_389' title='bbox 1100 4256 1382 4311; x_wconf 78' lang='lat' dir='ltr'><strong>Romanos</strong></span> <span class='ocrx_word' id='word_1_390' title='bbox 1427 4259 1504 4311; x_wconf 80' lang='lat' dir='ltr'><strong>ad</strong></span> <span class='ocrx_word' id='word_1_391' title='bbox 1549 4257 1866 4311; x_wconf 80' lang='lat' dir='ltr'><strong>censendam</strong></span> <span class='ocrx_word' id='word_1_392' title='bbox 1914 4272 1981 4309; x_wconf 77' lang='lat' dir='ltr'><strong>ex</strong></span> <span class='ocrx_word' id='word_1_393' title='bbox 2017 4256 2325 4325; x_wconf 79' lang='lat' dir='ltr'><strong>provinciis</strong></span> <span class='ocrx_word' id='word_1_394' title='bbox 2367 4252 2432 4311; x_wconf 84' lang='lat' dir='ltr'><strong>in</strong></span> <span class='ocrx_word' id='word_1_395' title='bbox 2468 4257 2703 4313; x_wconf 84' lang='lat' dir='ltr'><strong>Italiam</strong></span> 
     </span>
     <span class='ocr_line' id='line_1_40' title="bbox 250 4344 2701 4414; baseline 0.002 -19"><span class='ocrx_word' id='word_1_396' title='bbox 250 4350 640 4399; x_wconf 79' lang='lat' dir='ltr'><strong>revocaverant</strong></span> <span class='ocrx_word' id='word_1_397' title='bbox 677 4345 786 4399; x_wconf 89' lang='lat' dir='ltr'><strong>hoc</strong></span> <span class='ocrx_word' id='word_1_398' title='bbox 824 4344 930 4399; x_wconf 88' lang='lat' dir='ltr'><strong>sibi</strong></span> <span class='ocrx_word' id='word_1_399' title='bbox 968 4344 1170 4399; x_wconf 57' lang='lat' dir='ltr'><strong>velint:</strong></span> <span class='ocrx_word' id='word_1_400' title='bbox 1220 4344 1460 4401; x_wconf 87' lang='lat' dir='ltr'><strong>maiores</strong></span> <span class='ocrx_word' id='word_1_401' title='bbox 1498 4388 1511 4400; x_wconf 90' lang='lat'><strong>.</strong></span> <span class='ocrx_word' id='word_1_402' title='bbox 1545 4388 1556 4400; x_wconf 93' lang='lat'><em>.</em></span> <span class='ocrx_word' id='word_1_403' title='bbox 1590 4389 1602 4400; x_wconf 93' lang='lat'>.</span> <span class='ocrx_word' id='word_1_404' title='bbox 1643 4345 1793 4400; x_wconf 83' lang='lat' dir='ltr'><strong>cives</strong></span> <span class='ocrx_word' id='word_1_405' title='bbox 1831 4344 2139 4410; x_wconf 85' lang='lat' dir='ltr'><strong>Romanos,</strong></span> <span class='ocrx_word' id='word_1_406' title='bbox 2187 4346 2250 4398; x_wconf 88' lang='lat' dir='ltr'><strong>ut</strong></span> <span class='ocrx_word' id='word_1_407' title='bbox 2293 4344 2336 4398; x_wconf 87' lang='lat' dir='ltr'><strong>ii</strong></span> <span class='ocrx_word' id='word_1_408' title='bbox 2373 4363 2606 4414; x_wconf 87' lang='lat' dir='ltr'><strong>quorum</strong></span> <span class='ocrx_word' id='word_1_409' title='bbox 2643 4346 2701 4400; x_wconf 88' lang='lat' dir='ltr'><strong>id</strong></span> 
     </span>
     <span class='ocr_line' id='line_1_41' title="bbox 169 4432 1707 4501; baseline 0.003 -18"><span class='ocrx_word' id='word_1_410' title='bbox 169 4496 177 4501; x_wconf 22' lang='grc' dir='ltr'>α</span> <span class='ocrx_word' id='word_1_411' title='bbox 254 4432 402 4485; x_wconf 87' lang='lat' dir='ltr'><strong>esset</strong></span> <span class='ocrx_word' id='word_1_412' title='bbox 437 4447 534 4485; x_wconf 90' lang='lat' dir='ltr'><strong>eos</strong></span> <span class='ocrx_word' id='word_1_413' title='bbox 574 4435 891 4501; x_wconf 87' lang='lat' dir='ltr'><strong>censerent,</strong></span> <span class='ocrx_word' id='word_1_414' title='bbox 928 4433 990 4487; x_wconf 90' lang='lat' dir='ltr'><strong>in</strong></span> <span class='ocrx_word' id='word_1_415' title='bbox 1025 4433 1251 4487; x_wconf 88' lang='lat' dir='ltr'><strong>Italiam</strong></span> <span class='ocrx_word' id='word_1_416' title='bbox 1287 4436 1707 4489; x_wconf 84' lang='lat' dir='ltr'><strong>revocaverunt.</strong></span> 
     </span>
    </p>

    <p class='ocr_par' dir='ltr' id='par_1_7' title="bbox 248 4519 2702 4769">
     <span class='ocr_line' id='line_1_42' title="bbox 397 4519 2700 4593; baseline 0.002 -21"><span class='ocrx_word' id='word_1_417' title='bbox 397 4519 653 4574; x_wconf 83' lang='lat' dir='ltr'><strong>Sallustii</strong></span> <span class='ocrx_word' id='word_1_418' title='bbox 698 4522 808 4575; x_wconf 88' lang='lat' dir='ltr'><strong>huc</strong></span> <span class='ocrx_word' id='word_1_419' title='bbox 845 4524 1063 4591; x_wconf 87' lang='lat' dir='ltr'><strong>spectat</strong></span> <span class='ocrx_word' id='word_1_420' title='bbox 1097 4522 1256 4576; x_wconf 89' lang='lat' dir='ltr'><strong>locus</strong></span> <span class='ocrx_word' id='word_1_421' title='bbox 1293 4522 1412 4592; x_wconf 89' lang='lat' dir='ltr'><strong>Iug.</strong></span> <span class='ocrx_word' id='word_1_422' title='bbox 1455 4529 1550 4591; x_wconf 80' lang='lat'><strong>62,</strong></span> <span class='ocrx_word' id='word_1_423' title='bbox 1589 4530 1622 4578; x_wconf 88' lang='grc'>8</span> <span class='ocrx_word' id='word_1_424' title='bbox 1672 4524 1846 4593; x_wconf 64' lang='lat' dir='ltr'><strong>igitur</strong></span> <span class='ocrx_word' id='word_1_425' title='bbox 1884 4524 2163 4592; x_wconf 75' lang='lat' dir='ltr'><strong>quwrtha</strong></span> <span class='ocrx_word' id='word_1_426' title='bbox 2200 4523 2298 4577; x_wconf 81' lang='lat' dir='ltr'><strong>ubi</strong></span> <span class='ocrx_word' id='word_1_427' title='bbox 2335 4524 2506 4577; x_wconf 86' lang='lat' dir='ltr'><strong>armis</strong></span> <span class='ocrx_word' id='word_1_428' title='bbox 2540 4525 2700 4578; x_wconf 83' lang='lat' dir='ltr'><strong>viris-</strong></span> 
     </span>
     <span class='ocr_line' id='line_1_43' title="bbox 248 4609 2702 4680; baseline 0.003 -20"><span class='ocrx_word' id='word_1_429' title='bbox 248 4621 352 4675; x_wconf 73' lang='lat' dir='ltr'><strong>que</strong></span> <span class='ocrx_word' id='word_1_430' title='bbox 387 4612 438 4661; x_wconf 79' lang='lat' dir='ltr'><strong>et</strong></span> <span class='ocrx_word' id='word_1_431' title='bbox 473 4609 720 4677; x_wconf 71' lang='lat' dir='ltr'><strong>pemmia</strong></span> <span class='ocrx_word' id='word_1_432' title='bbox 763 4611 1032 4679; x_wconf 76' lang='lat' dir='ltr'><strong>spoliatas</strong></span> <span class='ocrx_word' id='word_1_433' title='bbox 1087 4615 1164 4665; x_wconf 80' lang='lat' dir='ltr'><strong>est</strong></span> <span class='ocrx_word' id='word_1_434' title='bbox 1219 4626 1340 4664; x_wconf 77' lang='lat' dir='ltr'><strong>own</strong></span> <span class='ocrx_word' id='word_1_435' title='bbox 1385 4611 1503 4679; x_wconf 81' lang='lat' dir='ltr'><strong>ipse</strong></span> <span class='ocrx_word' id='word_1_436' title='bbox 1550 4612 1624 4665; x_wconf 78' lang='lat' dir='ltr'><strong>ad</strong></span> <span class='ocrx_word' id='word_1_437' title='bbox 1668 4612 2051 4680; x_wconf 79' lang='lat' dir='ltr'><strong>imperandam</strong></span> <span class='ocrx_word' id='word_1_438' title='bbox 2092 4610 2371 4665; x_wconf 78' lang='lat' dir='ltr'><strong>Tisidium</strong></span> <span class='ocrx_word' id='word_1_439' title='bbox 2416 4618 2702 4667; x_wconf 82' lang='lat' dir='ltr'><strong>vocaretur</strong></span> 
     </span>
     <span class='ocr_line' id='line_1_44' title="bbox 249 4700 2694 4769; baseline 0.001 -19"><span class='ocrx_word' id='word_1_440' title='bbox 249 4712 450 4751; x_wconf 81' lang='lat' dir='ltr'><strong>rwrsus</strong></span> <span class='ocrx_word' id='word_1_441' title='bbox 486 4700 662 4767; x_wconf 76' lang='lat' dir='ltr'><strong>coepit</strong></span> <span class='ocrx_word' id='word_1_442' title='bbox 704 4700 910 4767; x_wconf 77' lang='lat' dir='ltr'><strong>flectere</strong></span> <span class='ocrx_word' id='word_1_443' title='bbox 947 4701 1194 4755; x_wconf 79' lang='lat' dir='ltr'><strong>animam</strong></span> <span class='ocrx_word' id='word_1_444' title='bbox 1229 4715 1391 4754; x_wconf 77' lang='lat' dir='ltr'><strong>snam</strong></span> <span class='ocrx_word' id='word_1_445' title='bbox 1428 4704 1478 4753; x_wconf 87' lang='lat' dir='ltr'><strong>et</strong></span> <span class='ocrx_word' id='word_1_446' title='bbox 1513 4716 1580 4754; x_wconf 81' lang='lat' dir='ltr'><strong>ex</strong></span> <span class='ocrx_word' id='word_1_447' title='bbox 1628 4700 1778 4755; x_wconf 83' lang='lat' dir='ltr'><strong>mala</strong></span> <span class='ocrx_word' id='word_1_448' title='bbox 1814 4700 2145 4755; x_wconf 81' lang='lat' dir='ltr'><strong>conscientia</strong></span> <span class='ocrx_word' id='word_1_449' title='bbox 2181 4700 2355 4769; x_wconf 72' lang='lat' dir='ltr'><strong>(liqna</strong></span> <span class='ocrx_word' id='word_1_450' title='bbox 2391 4702 2588 4755; x_wconf 86' lang='lat' dir='ltr'><strong>timere.</strong></span> <span class='ocrx_word' id='word_1_451' title='bbox 2632 4730 2694 4740; x_wconf 89' lang='lat'>-</span> 
     </span>
    </p>

    <p class='ocr_par' dir='ltr' id='par_1_8' title="bbox 357 4795 2271 4849">
     <span class='ocr_line' id='line_1_45' title="bbox 357 4795 2271 4849; baseline 0.004 -14"><span class='ocrx_word' id='word_1_452' title='bbox 357 4795 522 4849; x_wconf 66' lang='lat' dir='ltr'><strong>Eunu,</strong></span> <span class='ocrx_word' id='word_1_453' title='bbox 551 4796 606 4838; x_wconf 82' lang='lat' dir='ltr'><strong>de</strong></span> <span class='ocrx_word' id='word_1_454' title='bbox 633 4798 980 4849; x_wconf 76' lang='lat' dir='ltr'><strong>participiorum</strong></span> <span class='ocrx_word' id='word_1_455' title='bbox 1007 4810 1106 4840; x_wconf 73' lang='lat' dir='ltr'><strong>usu.</strong></span> <span class='ocrx_word' id='word_1_456' title='bbox 2241 4795 2271 4843; x_wconf 88' lang='lat'><strong>3</strong></span> 
     </span>
    </p>
   </div>
  </div>
 </body>
</html>
