3303 5235
1946 225 1977 260 S

618 295 704 358 84
1688 293 1871 365 Caput
1904 293 1996 350 IV.

796 458 1003 522 Huius
1050 481 1204 524 usus
1244 458 1506 523 Tacitus
1552 459 1729 523 solus
1772 462 2088 542 patronus
2128 463 2244 522 est.
2300 459 2377 523 cf.
2404 457 2554 524 hist.
2582 458 2694 542 IV,
2726 460 2811 523 42
2854 465 3063 541 sponte

617 587 721 631 eas
765 567 1177 631 accusationes
1219 565 1448 630 subisse
1491 568 1736 630 iuvenes
1769 567 2102 630 admodum
2145 586 2253 630 nec
2286 567 2619 648 depellendi
2652 567 2916 648 periculi
2961 568 3065 630 sed

614 674 682 738 in
728 694 892 756 spem
927 674 1240 755 potentiae
1273 674 1606 738 videbatur.
1682 696 1829 738 ann.
1867 672 2044 757 XIV,
2089 675 2163 737 11
2213 694 2369 754 quas
2407 671 2791 760 (orationes)
2836 672 3065 738 Seneca

619 781 990 862 testificando
1035 801 1224 861 quam
1269 780 1521 845 honesta
1555 780 1937 862 praeciperet
1976 781 2069 845 vel
2113 781 2389 845 iactandi
2432 781 2668 863 inqenii
2710 801 2847 845 voce
2881 781 3063 862 prin-

615 889 768 970 cipis
813 887 1115 971 vulyabat.
1191 887 1769 952 luculentissimum
1820 889 2037 950 autem
2077 890 2175 950 est
2221 887 2581 972 exemplum
2626 887 2777 952 hist.
2822 887 2939 971 IV,
2979 887 3064 951 25

614 999 743 1058 tum
800 1016 831 1059 e
881 995 1182 1060 seditiosis
1233 1015 1430 1058 unum
1492 994 1718 1058 vinciri
1778 993 1942 1058 iubet
1997 995 2197 1077 mayis
2248 995 2598 1075 usurpandi
2651 989 2812 1058 iuris
2876 1016 3065 1075 quam

611 1102 763 1182 quia
806 1102 995 1166 unius
1039 1102 1220 1183 culpa
1262 1101 1489 1188 foretff)
1998 1093 2007 1099 ’

759 1267 766 1276 ’
868 1278 938 1344 Ε.
1005 1276 1106 1343 Ad
1156 1277 1641 1346 audacissimam
1686 1277 2014 1344 licentiam
2062 1297 2136 1344 ea
2181 1279 2391 1345 nostri
2434 1296 2591 1344 usus
2638 1277 2841 1344 forma

614 1424 920 1505 provecta
985 1427 1114 1508 est,
1198 1422 1310 1487 ubi
1383 1422 1564 1487 nulla
1626 1423 1827 1487 totius
1894 1423 2218 1488 enuntiati
2293 1444 2415 1487 vox
2477 1422 2831 1506 invenitur,
2894 1423 3065 1486 unde

624 1529 959 1614 genetivus
1024 1528 1359 1612 dependet.
1455 1529 1620 1612 quod
1694 1529 1745 1594 si
1811 1529 1912 1613 fit,
1978 1529 2313 1614 genetivus
2388 1530 2710 1594 actionem
2768 1529 3063 1593 subiecto

615 1635 1022 1720 designatam
1089 1635 1352 1699 definire
1418 1636 1598 1699 solet.
1692 1656 1767 1699 ac
1830 1639 2086 1719 praeter
2149 1635 2443 1700 Tacitum
2501 1657 2723 1700 omnes
2797 1635 3067 1718 scripto-

614 1764 716 1806 res
793 1742 915 1806 hoc
981 1765 1103 1807 usu
1171 1743 1642 1827 abstinuerunt.
1744 1723 1890 1807 ann.
1948 1741 2038 1824 ΙΙ,
2094 1741 2177 1805 59
2254 1741 2662 1807 Germanicus
2715 1742 3067 1824 Aeyyptum

602 1848 1021 1931 proficiscitur
1066 1851 1506 1932 coynoscendac
1549 1850 1956 1930 antiquitatis,
2028 1847 2155 1931 III,
2202 1850 2242 1913 9
2294 1840 2502 1935 (Piso)
2548 1849 2625 1912 ab
2672 1849 2935 1912 Narnia
2984 1849 3065 1911 vi-

611 1957 834 2020 tandae
877 1957 1243 2036 suspicionis
1286 1977 1372 2020 an
1417 1957 1567 2037 quia
1600 1957 1853 2037 pavidis
1889 1957 2148 2022 consilia
2191 1958 2262 2020 in
2306 1958 2533 2020 incerto
2576 1960 2724 2020 sunt
2768 1955 2950 2018 Nare
2996 1976 3063 2018 ac

610 2083 754 2126 mox
794 2062 1001 2126 Tiberi
1045 2063 1313 2127 devectus
1347 2064 1532 2128 auxit
1572 2063 1743 2145 vulyi
1786 2065 1934 2127 iras.
1971 2099 2058 2108 —
2106 2061 2273 2127 Sunt
2316 2063 2516 2147 igitur
2563 2065 2874 2146 quattuor
2922 2061 3062 2143 loci,

613 2169 846 2252 quibus
895 2168 1338 2232 collectionem
1376 2167 1756 2234 Hoffmanni
1800 2170 2239 2254 supplevimus
2280 2173 2343 2232 et
2388 2173 2549 2251 tres,
2598 2191 2872 2253 quorum
2916 2190 3060 2251 syn-

611 2275 913 2340 tacticam
961 2279 1350 2341 structuram
1399 2298 1437 2339 a
1484 2275 1620 2339 viro
1677 2275 1790 2340 illo
1837 2275 2211 2340 doctissimo
2258 2276 2432 2340 haud
2477 2279 2649 2340 recte
2697 2275 3056 2358 expositam

613 2404 752 2446 esse
799 2403 1144 2466 veramque
1193 2382 1688 2464 explicationem
1733 2405 1854 2447 nos
1902 2382 2261 2466 prodidisse
2308 2383 2703 2448 confidimus.

790 2489 1033 2565 Quodsi
1073 2487 1490 2552 manifestum
1531 2489 1799 2573 videtur,
1839 2490 2213 2574 genetivum
2253 2489 2591 2573 gerundivi
2629 2511 2824 2573 saepe
2860 2491 3048 2554 totius

613 2596 931 2661 enuntiati
979 2595 1359 2681 epexegesin
1407 2617 1574 2681 esse,
1620 2597 1976 2680 quaeritur,
2022 2620 2177 2661 num
2223 2617 2448 2662 revera
2492 2596 2707 2661 finalis
2757 2603 2872 2663 aut
2915 2620 3049 2661 cau-

613 2704 768 2767 salis
839 2703 1332 2787 significationis
1401 2704 1512 2785 sit,
1591 2702 1764 2786 quod
1827 2701 2180 2767 Hoffmann
2241 2725 2502 2786 prorsus
2572 2702 2844 2787 denegat
2906 2722 3035 2785 gra-

610 2809 890 2873 vissimis
937 2810 1118 2872 nisus
1167 2809 1584 2892 argumentis,
1659 2810 1895 2893 repetit
1952 2810 2124 2873 enim
2171 2810 2541 2893 genetivum
2599 2808 2935 2893 gerundivi
2974 2828 3045 2871 ex

613 2936 688 2978 ea
724 2916 1007 2998 ratione,
1055 2936 1218 2999 quae
1256 2915 1432 2978 valet
1469 2915 1638 2998 apud
1676 2916 2010 2980 nominum
2050 2916 2513 3000 appositiones,
2587 2938 2739 2980 nam
2778 2915 3055 3001 genetivi

611 3022 707 3085 illi
765 3021 843 3084 ad
911 3042 1105 3084 unum
1172 3020 1491 3086 obiectum
1553 3022 1902 3105 pertinent,
1958 3022 2013 3085 si
2070 3021 2276 3086 solam
2336 3022 2769 3105 syntacticam
2834 3021 3056 3107 legem,

611 3128 713 3192 cui
763 3128 1021 3192 obnoxii
1069 3130 1246 3211 sunt,
1305 3131 1578 3209 spectas.
1660 3149 1883 3192 revera
1938 3132 2156 3192 autem
2212 3127 2293 3191 ad
2349 3128 2718 3192 universum
2766 3129 3055 3193 enuntia·

609 3238 748 3298 tum
805 3234 1165 3299 accuratius
1222 3233 1668 3316 explicandum
1724 3232 2019 3297 attinent.
2112 3256 2237 3317 quo
2307 3235 2410 3313 fit,
2476 3238 2547 3298 ut
2602 3256 2735 3298 non
2790 3256 2943 3300 raro
2998 3236 3053 3297 in

608 3341 823 3404 locum
879 3340 1304 3423 appositionis
1369 3340 1630 3403 nomine
1687 3340 1901 3424 aliquo
1960 3339 2336 3425 designatae
2396 3341 2783 3405 substituere
2848 3342 3057 3425 possis

612 3446 980 3530 genetivum
1019 3446 1311 3531 gerundii
1351 3448 1416 3511 et
1461 3445 1654 3510 huius
1701 3446 1770 3509 in
1806 3447 2019 3510 locum
2058 3447 2264 3531 illam,
2313 3448 2505 3512 sicut:
2552 3470 2700 3513 ann.
2728 3448 2787 3525 Ι,
2819 3449 2909 3513 30
2948 3471 3058 3533 pro

509 3562 512 3567 '
610 3554 907 3634 quosdam
951 3554 1076 3634 ipsi
1117 3554 1428 3635 manipuli
1480 3553 1904 3643 documentum
1949 3555 2095 3637 fidei
2139 3556 2443 3619 tradidere
2489 3556 2625 3619 sine
2672 3554 3057 3620 difficultate

758 3746 810 3815 1)
849 3745 1038 3799 Etiam
1075 3761 1202 3798 ann.
1241 3744 1316 3812 11,
1361 3751 1385 3797 1
1453 3746 1725 3800 Phraates
1764 3787 1775 3799 .
1807 3784 1821 3799 .
1852 3788 1864 3801 .
1896 3791 1905 3800 .
1948 3752 2166 3815 partem
2204 3749 2383 3816 prolis
2434 3749 2740 3814 firmandae
2784 3750 3065 3803 amicitiae

609 3837 832 3890 miserat
865 3833 1166 3888 Hoffmann
1210 3835 1319 3887 huc
1356 3834 1562 3889 referre
1601 3835 1852 3903 videtur,
1898 3835 1959 3889 id
1996 3836 2147 3904 quod
2182 3852 2284 3890 nos
2321 3837 2560 3906 probare
2598 3854 2711 3892 non
2746 3853 3061 3907 possumus.

608 3940 742 3977 nam
777 3922 1164 3978 firmandae
1202 3921 1563 3977 amicitiae
1601 3924 1754 3978 haud
1790 3924 2053 3995 ambigue
2083 3924 2305 3979 dativus
2344 3928 2430 3978 est
2457 3926 2776 3995 dependens
2817 3944 2851 3981 a
2890 3928 3061 3981 verbo

610 4013 916 4079 miserat,
971 4028 1073 4066 nec
1121 4010 1331 4065 similes
1390 4013 1547 4067 locos
1595 4013 1971 4083 cognoscendi
2018 4012 2238 4069 occasio
2285 4013 2447 4066 nobis
2503 4013 2707 4083 deerit,
2752 4015 2812 4067 in
2860 4015 3061 4083 quibus

609 4102 840 4157 verbum
905 4101 1179 4154 mittere
1251 4117 1377 4153 cum
1433 4100 1561 4155 aliis
1626 4119 1794 4170 quam
1858 4101 2075 4171 primae
2132 4101 2523 4157 declinationis
2586 4103 2779 4157 formis
2843 4104 3065 4157 numeri

611 4190 908 4259 singularis
945 4188 1318 4259 coniungitur.
1385 4192 1632 4244 ceterum
1672 4189 2089 4245 concedendum
2126 4190 2215 4245 est
2250 4207 2350 4260 per
2379 4206 2436 4244 se
2476 4190 2697 4260 saepius
2726 4190 2820 4245 vix
2856 4190 3063 4246 diiudi-

611 4278 728 4332 cari
762 4294 952 4347 posse,
998 4280 1187 4333 utrum
1226 4279 1501 4332 secundus
1540 4293 1703 4331 casus
1742 4277 1921 4332 subsit
1959 4295 2031 4332 an
2064 4279 2291 4348 tertius,
2336 4278 2663 4348 praesertim
2702 4294 2831 4332 cum
2869 4298 3062 4335 sensus

609 4367 760 4420 idem
797 4368 1038 4422 maneat.
1097 4368 1196 4421 sed
1225 4365 1526 4435 quaeritur,
1564 4368 1693 4419 utra
1730 4368 2013 4421 structura
2050 4368 2327 4423 vetustior
2362 4368 2449 4423 sit.
2517 4384 2584 4421 ac
2613 4366 2865 4437 genetivi
2902 4386 3062 4423 usum

609 4454 756 4508 Livii
793 4455 1016 4508 demum
1061 4456 1408 4525 temporibus
1447 4456 1632 4508 ortum
1680 4470 1830 4521 esse,
1874 4455 2118 4524 priorem
2165 4460 2353 4511 autem
2396 4456 2568 4511 fuisse
2616 4454 2793 4511 dativi
2832 4457 3062 4513 demon-

612 4542 814 4597 stravit
847 4544 1084 4608 Jordan,
1123 4544 1405 4598 Kritische
1435 4542 1701 4613 Beitri’tge
1740 4562 1835 4598 zur
1872 4543 2211 4599 Geschichte
2250 4545 2349 4600 der
2382 4530 2754 4601 lateinischen
2792 4543 3060 4615 Sprache.

613 4630 964 4699 Konigsberg
1003 4637 1154 4686 1879.
1193 4651 1246 4700 p.
1286 4638 1389 4685 285
1420 4648 1538 4698 squ.
2716 4632 2721 4637 ’
