3303 5235
547 301 672 365 132
1492 298 1539 350 A
1543 296 1791 366 ppendix
1828 297 2038 351 critica.

544 465 721 528 modo
767 467 834 527 et
877 462 1208 528 institutio
1255 461 1537 526 civitatis
1585 463 1761 525 eerta
1808 460 2088 546 quadam
2130 461 2341 540 forma
2383 461 2609 526 utitur.
2690 460 3003 544 quoniam

545 575 762 636 autem
817 571 896 654 ii,
951 571 1060 653 qui
1117 568 1460 634 lectionem
1506 565 1991 652 Madvigianam
2051 568 2315 652 eiusque
2372 567 2645 632 similem
2708 567 3004 652 aliquam

547 679 1052 762 amplectuntur,
1107 675 1306 739 verba
1352 673 1831 758 disciplinae
1884 675 2215 739 formam
2272 695 2468 738 sensu
2524 674 3005 757 disciplinae

549 784 947 865 militaris,
992 803 1128 846 non
1171 780 1713 858 institutionis
1770 781 2123 845 civitatis
2180 782 2543 846 necessario
2590 780 3009 864 intellegunt,

548 891 861 976 Madvigii
923 887 1351 953 mutationem
1425 887 1621 951 etiam
1694 887 1863 951 hane
1932 891 2201 972 propter
2266 909 2527 953 causam
2601 889 2739 952 sine
2804 887 3007 950 dubio

550 999 782 1063 falsam
821 1017 962 1062 esse
1000 1014 1350 1060 censemus.
1449 996 1602 1057 sunt
1641 994 1865 1076 etiam,
1904 994 2013 1077 qui
2052 995 2401 1078 genuinam
2437 995 2783 1060 lectionem
2819 994 3007 1058 resti-

549 1105 753 1170 tuisse
817 1103 944 1167 sibi
1008 1101 1378 1184 videantur,
1445 1121 1593 1165 cum
1668 1101 1955 1164 scribant
2018 1122 2301 1185 corpus
2366 1124 2581 1165 suum
2645 1079 3011 1166 cuistodia

553 1212 899 1276 munivit.
971 1208 1377 1292 imperium
1430 1207 1833 1291 perpetuis
1882 1229 1989 1292 qu.
2036 1229 2085 1272 s.
2140 1208 2256 1272 sed
2308 1209 2387 1272 de
2438 1208 2761 1292 custodia,
2807 1229 3010 1291 quam

537 1317 988 1410 'Maroboduus
1045 1315 1167 1380 sibi
1213 1314 1661 1397 circumdedit,
1708 1315 1998 1399 cogitare
2033 1315 2137 1404 ‘ab
2189 1316 2494 1380 universa
2538 1313 2756 1379 indole
2810 1313 3011 1378 huius

556 1425 683 1489 loci
731 1422 1199 1487 alienissimum
1245 1425 1362 1486 est.
1445 1442 1601 1485 nam
1648 1421 1727 1486 de
1774 1443 2041 1507 corpore
2090 1423 2541 1506 omnibusque,
2600 1443 2767 1506 quae
2815 1421 2898 1486 ad
2946 1421 3016 1486 id

555 1530 910 1616 pertinent,
965 1530 1036 1593 in
1081 1526 1487 1592 antecedenti
1535 1529 1747 1612 eapite
1792 1528 1954 1592 satis
1993 1526 2239 1592 dictum
2286 1532 2399 1593 est.
2474 1551 2668 1613 quam
2712 1530 3015 1614 ineptum

555 1638 756 1722 igitur
793 1640 859 1701 et
896 1635 1275 1718 absurdum,
1324 1634 1380 1698 si
1419 1632 1741 1716 VelleiuS,
1786 1637 2132 1719 postquam
2169 1636 2369 1700 verba
2408 1637 2812 1721 occupatis
2860 1636 3015 1720 igi-

557 1749 682 1809 tur
737 1765 924 1827 quos
981 1792 996 1806 .
1035 1793 1049 1807 .
1089 1792 1101 1806 .
1141 1791 1155 1805 .
1210 1741 1402 1805 iuris
1460 1742 1575 1805 sui
1631 1743 1825 1806 fecit
1875 1743 2174 1825 inseruit,
2230 1743 2309 1806 de
2366 1745 2655 1827 corporis
2712 1743 3017 1808 custodia

557 1852 756 1915 verba
800 1849 1010 1914 facere
1057 1847 1266 1913 vellet.
1322 1883 1394 1894 —-
1457 1847 1770 1912 Venimus
1818 1848 1899 1912 ad
1946 1847 2298 1932 Kritzium,
2344 1849 2523 1914 cuius
2570 1848 2648 1913 de
2692 1849 2819 1914 hoc
2867 1851 3017 1914 loco

560 1957 852 2042 opinioni
899 1956 965 2019 id
1019 1954 1196 2018 laudi
1251 1955 1497 2038 tribue,
1554 1955 1726 2039 quod
1774 1956 1967 2019 etiam
2026 1956 2450 2040 quaestioni8‚
2506 1956 2831 2040 quomodo
2880 1977 3020 2020 cor-

561 2064 817 2148 ruptela
855 2065 998 2126 orta
1037 2061 1143 2146 sit,
1181 2059 1500 2126 rationem
1537 2060 1754 2126 habet.
1821 2060 2150 2126 existimat
2194 2061 2367 2126 enim
2406 2062 2753 2147 genuinam
2788 2061 3021 2126 lectio-

560 2192 710 2234 nem
755 2189 894 2234 esse
941 2189 1219 2251 corpus
1276 2168 1394 2233 sui
1450 2166 1926 2232 custoditum
1980 2167 2319 2252 imperii,
2375 2190 2527 2232 nam
2584 2169 2809 2232 avulsa
2855 2172 3021 2232 tum

562 2277 816 2360 syllaba
862 2275 1072 2359 primo
1119 2297 1198 2338 ex
1245 2275 1718 2339 custoditum
1774 2276 1987 2351 ortum
2044 2295 2185 2340 esse
2240 2275 2599 2340 custodia
2642 2277 2828 2359 tum,
2886 2298 3019 2359 quo

560 2384 735 2449 facto
781 2383 1123 2447 librarium
1171 2381 1448 2465 aliquem
1497 2384 1570 2445 ut
1624 2402 1888 2445 sensum
1935 2381 2080 2446 loco
2126 2381 2397 2445 inferret
2442 2381 2560 2445 sui
2606 2385 2891 2446 mutasse
2938 2382 3011 2443 in

564 2512 780 2555 suum
828 2488 906 2552 ad
945 2509 1180 2572 eorpus
1225 2487 1655 2571 pertinentem
1704 2491 1770 2551 et
1815 2487 2123 2570 imperii
2171 2488 2252 2551 ad
2296 2487 2690 2552 redactum
2737 2487 3015 2552 referen-

561 2602 695 2663 tem
742 2596 810 2660 in
858 2597 956 2660 im
966 2594 1280 2679 perium.
1362 2593 1512 2658 huie
1558 2592 2083 2678 interpretationi
2138 2593 2343 2659 cuivis
2401 2595 2741 2680 apparebit
2784 2616 3027 2659 sanam

562 2706 779 2769 inesse
825 2702 1163 2767 rationem.
1247 2702 1536 2763 attamen
1593 2701 1675 2763 ab
1736 2701 1915 2767 omni
1970 2704 2154 2784 parte
2216 2722 2358 2765 eam
2413 2702 2810 2786 probabilem
2868 2722 3028 2765 esse

565 2830 898 2895 negamus.
995 2805 1171 2870 haud
1233 2805 1423 2869 dubie
1489 2806 1660 2869 enim
1728 2806 2001 2869 offendit
2060 2806 2471 2890 participium
2539 2807 3024 2872 custoditum

569 2914 738 3000 quod
778 2917 1078 2997 putamus
1109 2911 1444 2995 aptissime
1483 2913 1722 2977 mutari
1760 2934 1951 2997 posse
1989 2913 2060 2976 in
2088 2913 2451 2978 custodia
2486 2918 2753 2979 tutum.
2820 2914 3020 2978 etiam

571 3023 624 3086 si
669 3018 1277 3106 palaeographicam
1316 3018 1762 3084 condicionem
1800 3024 2079 3103 spectes,
2115 3022 2341 3083 nostra
2377 3019 2565 3084 lectio
2602 3020 3029 3103 praeferenda

569 3129 852 3211 videtur,
899 3148 1048 3191 nam
1087 3126 1294 3190 multo
1334 3126 1546 3190 minus
1585 3148 1728 3190 eam
1768 3126 2111 3190 abhorrere
2150 3148 2189 3189 a
2224 3124 2775 3209 custodiatum,
2824 3149 3027 3210 quam

571 3236 911 3301 lectionem
957 3233 1428 3297 custoditum
1474 3234 1543 3296 in
1591 3240 1815 3316 aperto
1864 3236 1981 3297 est.

749 3341 883 3405 Diu
936 3340 1336 3423 multumque
1392 3340 1787 3404 desudarunt
1839 3340 1964 3405 viri
2019 3338 2193 3404 docti
2246 3340 2325 3403 de
2379 3341 2523 3406 loco
2570 3362 2723 3405 ann.
2769 3350 2893 3421 111,
2944 3351 3027 3405 55

576 3450 898 3530 corruptO,
939 3467 1126 3528 quem
1163 3448 1384 3510 tamen
1415 3446 1661 3529 optime
1701 3446 1920 3509 sanari
1957 3466 2149 3529 posse
2186 3450 2363 3530 pute,
2404 3447 2461 3510 si
2498 3447 2873 3530 genetivum
2914 3448 3027 3531 qui

573 3555 804 3619 dicitur
849 3552 1240 3616 obiectivum
1287 3552 1632 3616 statuimus
1681 3555 2027 3635 praeeunte
2074 3552 2485 3618 substantivo
2533 3532 2973 3619 certamen.-

751 3660 882 3725 Nec
917 3660 1130 3724 omnia
1165 3660 1334 3739 apud
1366 3660 1608 3739 priores
1645 3659 1902 3723 meliora
1946 3659 2053 3723 sed
2084 3663 2298 3723 nostra
2343 3680 2575 3742 quoque
2610 3665 2781 3725 aetas
2825 3661 3034 3725 multa

575 3767 780 3833 lcmdis
824 3771 883 3831 et
923 3769 1160 3831 artium
1204 3766 1515 3829 imitanda
1549 3766 1815 3846 posteris
1860 3765 2017 3829 tulit.
2096 3786 2307 3829 verum
2351 3766 2497 3829 haec
2540 3766 2713 3831 nobis
2758 3768 3034 3833 maiores

573 3875 914 3940 certamina
957 3894 1030 3937 ex
1072 3872 1315 3936 honesto
1359 3877 1667 3936 maneant.

755 3980 982 4044 Talem
1031 3977 1282 4043 codices
1329 3976 1502 4042 hune
1547 3978 1762 4042 locum
1802 3976 2125 4042 exhibent.
2200 3978 2531 4062 quaeritur
2576 3983 2820 4063 autem,
2868 4003 3035 4045 num

582 4090 737 4153 sine'
761 4088 1121 4152 mutatione
1161 4085 1376 4169 aliqua
1414 4086 1567 4150 ferri
1602 4085 1841 4168 possit,
1890 4083 2062 4168 quod
2096 4084 2227 4149 nisi
2272 4085 2367 4149 ita
2404 4088 2530 4168 est,
2576 4088 3037 4152 emendatione

581 4218 741 4280 opus
789 4216 928 4259 esse
973 4192 1146 4257 haud
1191 4192 1370 4257 facili
1427 4193 1693 4258 videtur.
1767 4193 2157 4275 permultum
2195 4193 2364 4257 enim
2405 4192 2779 4259 offensionis
2826 4194 3041 4260 habet

582 4322 704 4365 vox
752 4302 1108 4383 maiores,
1147 4300 1316 4384 quod
1366 4299 1546 4363 nulla
1581 4298 1788 4363 utitur
1824 4298 2250 4382 grammatica
2286 4298 2553 4363 ratione.
2632 4300 2745 4363 sed
2791 4300 3041 4367 nihilo-

583 4386 795 4470 minus
853 4411 1002 4471 sunt
1065 4406 1174 4490 qui
1231 4406 1368 4470 sine
1431 4406 1793 4469 mutatione
1859 4406 2071 4469 locum
2134 4404 2309 4469 haud
2364 4404 2691 4469 difficilem
2748 4428 2890 4470 esse
2954 4409 3043 4472 ad

583 4514 1140 4595 interpretandum
1197 4513 1610 4577 arbitrentur.
1694 4515 1945 4576 mutata
2006 4512 2175 4576 enim
2241 4512 2759 4597 interpunctione
2813 4513 3043 4579 locum

588 4619 907 4704 explicare
947 4623 1213 4683 conatus
1253 4616 1361 4683 'est
1397 4618 1574 4683 Roth
1623 4622 1887 4685 auctore
1926 4616 2299 4683 Boxhornio
2341 4616 2448 4705 (cf.
2480 4618 2671 4683 Roth.
2710 4618 2870 4703 Agr.
2896 4642 3045 4687 exc.
