3303 5235
605 329 691 393 60
1675 335 1859 404 Caput
1895 334 1989 388 111.

604 515 755 559 reos.
837 493 1021 577 XVI,
1067 497 1108 560 3
1153 498 1424 579 populus
1479 498 1815 580 aerestium
1860 499 2173 581 efficiendo
2228 502 2397 582 operi
2441 506 2812 584 assumptus
2906 501 3105 566 hist.

603 599 700 665 III
710 651 727 684 ,
767 601 852 666 54
906 623 1013 666 nee
1055 604 1233 668 duces
1283 603 1550 668 hostium
1595 606 1909 688 auyendae
1950 606 2133 685 fama
2177 608 2443 672 deerant.
2536 607 2661 689 111,
2708 609 2789 673 77
2838 610 3105 692 perdo-

604 709 868 772 mandae
932 707 1316 792 Campaniae
1378 711 1674 776 insistere.
1766 711 1847 778 ab
1912 713 2272 778 minoribus
2339 713 2595 798 scriptis
2660 714 2783 780 hoc
2848 735 3104 799 genus

605 814 889 879 alienum
936 818 1052 880 est.
2952 890 2963 894 ,

783 920 992 986 Vellei
1040 922 1165 987 duo
1213 926 1472 989 exstant
1517 926 1835 1010 exempla:
1886 925 1980 1010 II,
2030 927 2111 991 79
2168 928 2572 1009 aedificandis
2616 929 2873 992 navibus
2922 947 3101 992 eon-

605 1027 1011 1110 trahendoque
1053 1031 1244 1094 militi
1295 1050 1370 1094 ae
1412 1033 1633 1114 remiyi
1686 1033 2126 1114 navalibusque
2178 1034 2569 1116 assuescendo
2624 1013 3103 1098 certaminibus

603 1139 783 1216 atque
818 1137 1459 1218 exercitationibusque
1490 1138 1841 1219 praefectus
1882 1143 1971 1202 est
2014 1138 2317 1222 Ayrippa.
2380 1138 2474 1232 II,
2511 1140 2593 1204 31
2642 1141 2890 1206 cervices
2934 1144 3100 1204 tam

599 1242 846 1322 fortiter
889 1245 1242 1309 sustinendo
1289 1251 1598 1310 terrarum
1641 1247 1805 1311 orbis
1849 1247 2107 1328 imperio
2151 1247 2487 1329 sufficiant.

784 1347 1129 1415 Sallustius
1166 1351 1292 1418 hoc
1320 1373 1555 1437 genere
1592 1373 1857 1435 prorsus
1888 1352 2220 1418 abstinuit.
2286 1355 2605 1437 quatenus
2635 1353 2744 1416 alii
2784 1352 3091 1436 scripto-

606 1477 708 1520 res
737 1455 887 1521 huic
914 1457 1058 1522 usui
1085 1457 1472 1523 indulserint
1493 1459 1783 1543 Teipelio
1812 1459 2234 1542 praecedente
2264 1480 2601 1543 exponam.
2658 1463 2853 1543 atque
2882 1461 3091 1542 apud

605 1559 981 1626 Ciceronem
1028 1564 1251 1629 verba:
1310 1587 1705 1651 praeesse,
1752 1588 2066 1651 operam
2115 1566 2319 1650 dare,
2366 1565 2675 1650 addere,
2722 1565 3093 1650 studere,

603 1669 1068 1754 praeficere,
1156 1671 1560 1754 impertire
1643 1693 2109 1755 nonnunquam
2187 1694 2331 1737 cum
2418 1670 2636 1736 dativo
2722 1672 3089 1756 gerundivi

606 1775 1117 1860 coniunguntur,
1191 1776 1361 1860 quod
1433 1776 1644 1862 magis
1722 1777 2013 1844 minusve
2088 1779 2281 1844 etiam
2350 1779 2519 1862 apud
2586 1777 2929 1844 Caesarem
3012 1785 3089 1844 et

602 1880 857 1947 Livium
904 1883 1230 1948 observari
1276 1884 1441 1948 licet.
1525 1885 1594 1948 in
1651 1885 2022 1950 universum
2070 1890 2283 1951 autem
2345 1887 2757 1952 statuendum
2806 1887 3083 1950 videtur

602 1989 778 2054 hunc
841 2013 1029 2057 usum
1094 1991 1264 2074 apud
1327 1991 1576 2075 priores
1642 1992 1988 2076 scriptores
2052 1993 2537 2078 angustissimis
2602 1993 2845 2060 finibus
2912 2017 3077 2060 con-

606 2095 920 2179 scriptum
967 2118 1124 2161 esse.

1005 2274 1072 2339 B.
1129 2273 1337 2339 Minus
1383 2277 1557 2354 arta,
1606 2275 1719 2342 sed
1762 2276 1978 2342 laxior
2022 2294 2159 2343 esse
2203 2278 2419 2362 potest
2460 2277 2633 2344 ratio

607 2439 769 2500 quae
815 2417 984 2482 inter
1029 2417 1313 2482 dativum
1361 2420 1701 2504 gerundivi
1748 2424 1815 2486 et
1870 2421 2135 2486 verbum
2190 2420 2449 2485 finitum
2493 2419 2854 2486 intercedit.
2933 2420 3069 2484 hoc

604 2524 883 2607 pertinet
929 2525 1009 2588 ad
1056 2546 1132 2589 ea
1177 2527 1402 2610 verba,
1457 2547 1731 2611 quorum
1776 2549 1921 2593 cum
1978 2527 2195 2592 dativo
2252 2529 2577 2592 structura
2621 2548 2758 2593 non
2808 2527 2947 2592 sola
2996 2531 3069 2592 et

605 2632 789 2698 unice
835 2633 1076 2699 usitata
1121 2637 1236 2697 est.
1315 2633 1508 2698 huius
1557 2634 1796 2717 speciei
1852 2657 2016 2718 quae
2060 2635 2207 2700 ideo
2254 2635 2521 2701 maximi
2578 2635 2892 2699 momenti
2938 2640 3067 2718 est,

605 2739 775 2822 quod
819 2738 1080 2813 facilem
1134 2738 1483 2805 transitum
1529 2740 1798 2823 praebet
1852 2740 1932 2805 ab
1989 2763 2109 2805 usu
2164 2738 2709 2825 frequentissimo
2736 2740 2821 2805 ad
2866 2764 3063 2807 usum

603 2840 1004 2909 rarissimum
1059 2845 1216 2909 satis
1263 2848 1470 2911 multa
1527 2847 1697 2931 apud
1744 2846 2065 2931 Tacitum,
2110 2848 2291 2916 nulla
2334 2848 2505 2932 apud
2554 2845 2933 2913 Sallustium
2984 2852 3061 2911 et

607 2948 930 3014 Velleium
977 2953 1271 3037 exempla
1315 2954 1749 3020 inveniuntur.
1803 2940 1815 2949 κ

785 3054 994 3123 Sicut:
1055 3059 1202 3125 Tac.
1241 3083 1390 3125 ann.
1425 3060 1518 3145 II,
1554 3063 1598 3125 4
1656 3067 1785 3126 tum
1824 3062 2029 3127 Gaius
2073 3060 2305 3127 Caesar
2350 3063 2795 3145 componendae
2838 3062 3063 3126 Arme-

603 3165 748 3229 niae
791 3166 1092 3248 deliyitwr.
1166 3166 1258 3251 II,
1303 3168 1389 3232 46
1437 3190 1574 3233 cum
1619 3192 1662 3233 a
1706 3166 2031 3235 Cheruscis
2066 3169 2602 3251 Lonyobardisque
2633 3190 2756 3251 pro
2803 3170 3065 3251 antiquo

603 3274 809 3337 decore
856 3323 868 3336 .
909 3322 922 3336 .
962 3322 975 3335 .
1016 3323 1028 3337 .
1075 3279 1133 3338 et
1175 3280 1387 3339 contra
1431 3277 1745 3359 auyendae
1790 3277 2199 3341 dominationi
2244 3281 2591 3341 certaretur.
2673 3274 2754 3359 V,
2801 3277 2845 3339 4
2899 3297 3062 3341 com-

591 3380 897 3463 ponendis
954 3385 1246 3463 patrum·
1289 3384 1441 3447 actis
1511 3383 1785 3447 delectus,
1890 3381 2011 3467 VI,
2058 3383 2145 3446 32
2219 3384 2647 3463 reciperandae
2718 3382 3066 3447 Armeniae

603 3487 913 3551 Hiberum
966 3487 1400 3553 Mithridatem
1459 3489 1683 3571 deliqit.
1776 3488 1897 3573 VI,
1943 3489 2032 3553 45
2097 3490 2477 3555 aestimando
2532 3490 2819 3570 cuiusque
2873 3490 3064 3553 detri-

603 3598 802 3659 mento
855 3594 1062 3658 delecti
1125 3588 1349 3678 (sunt).
1449 3594 1576 3659 XII
1585 3646 1602 3679 ,
1657 3597 1736 3659 19
1804 3597 2022 3661 laudat
2081 3598 2244 3678 quod
2290 3646 2303 3659 .
2343 3644 2358 3659 .
2398 3646 2412 3659 .
2450 3646 2465 3659 .
2528 3615 2709 3660 suam
2770 3597 3065 3661 dextram

592 3702 889 3783 petendae
932 3702 1142 3765 veniae
1195 3702 1487 3783 deleyerit.
1579 3700 1770 3784 XIII,
1818 3703 1898 3766 21
1968 3722 2105 3766 cum
2160 3706 2355 3766 cetera
2410 3702 2733 3782 apiscendo
2797 3702 3065 3783 imperio

592 3812 1142 3891 praepararentur.
1233 3805 1421 3889 XIII,
1466 3807 1553 3871 48
1619 3805 1684 3871 C.
1748 3806 2001 3872 Cassius
2064 3808 2399 3873 adhibendo
2463 3808 2724 3871 remedio
2782 3807 3062 3872 delectus.

605 3913 780 3998 XIV,
815 3915 859 3977 4
895 3914 1248 3978 occultando
1279 3913 1550 3993 facinori
1585 3934 1710 3978 nox
1746 3913 2143 3979 adhiberetur.
2208 3914 2352 3998 XV,
2381 3915 2424 3978 4
2460 3936 2533 3979 ea
2568 3916 2717 3979 dum
2753 3936 2795 3978 a
2832 3912 3063 3979 Corbu-

606 4022 738 4085 lone
775 4022 1031 4085 tuendae
1057 4018 1284 4085 Suriae
1306 4024 1644 4100 parantur.
1708 4019 1851 4103 XV,
1880 4020 1921 4084 6
1948 4023 2281 4103 proprium
2307 4023 2517 4085 ducem
2554 4022 2811 4085 tuendae
2837 4018 3061 4083 Arme-

603 4129 748 4193 niae
771 4131 1146 4209 poposcerat.
1220 4123 1361 4205 XV,
1404 4126 1484 4189 16
1520 4147 1677 4207 quae
1711 4132 1781 4191 ut
1815 4128 2129 4209 auqendae
2164 4128 2469 4207 infamiae
2504 4128 2852 4210 composita.
2912 4125 3060 4209 XV,

603 4233 690 4296 43
737 4235 947 4297 ruderi
1001 4225 1346 4315 accipiendo
1387 4232 1687 4299 Ostienses
1721 4235 1985 4315 paludes
2020 4234 2379 4298 destinabat.
2451 4234 2603 4297 hist.
2629 4232 2721 4316 II,
2756 4234 2838 4296 12
2886 4234 3058 4297 blan-

604 4338 882 4403 diebatur
926 4340 1144 4425 coeptis
1192 4339 1451 4418 fortuna
1494 4360 1778 4421 possessa
1821 4362 1937 4422 per
1980 4361 2154 4405 mare
2209 4345 2267 4404 et
2308 4360 2493 4404 naves
2546 4341 2779 4403 maiore
2824 4340 2869 4403 Ι
2869 4340 3059 4403 taliae

592 4449 778 4527 parte
801 4446 1051 4525 penitus
1085 4466 1273 4527 usque
1307 4448 1394 4511 ad
1425 4447 1681 4510 initium
1708 4448 2173 4511 maritimarum
2206 4447 2467 4531 Alpium
2501 4446 2721 4527 Quibus
2758 4450 3054 4526 temptan-

604 4552 701 4615 dis
737 4552 1284 4633 ayyrecliendaeque
1315 4554 1675 4633 provinciae
1712 4553 2105 4619 Narbonensi
2140 4551 2435 4619 Suedium
2473 4550 2836 4617 Clementem
2877 4601 2890 4615 .
2930 4600 2945 4617 .
2986 4600 3001 4615 .
3040 4601 3054 4615 .

605 4658 788 4727 duces
816 4657 1062 4727 dederat
1095 4656 1210 4745 (·-=
1249 4655 1625 4747 delegerat).
1714 4658 1780 4725 II
1790 4709 1808 4744 ,
1845 4660 1930 4727 82
1962 4664 2470 4743 praeceptumque
2513 4664 2584 4725 ut
2612 4659 3052 4743 praetorianos
