3303 5235
979 331 1064 386 De
1104 331 1532 403 participiorum
1566 349 1674 387 usu
1710 330 2062 388 attributivo.
2671 330 2752 394 51

287 496 506 562 sevitio
560 497 780 560 uxoris
832 501 1042 560 uterus
1095 498 1399 562 vecordem
1443 497 1677 580 ayebat.
1731 533 1804 543 -
1867 494 2073 558 Vellei
2131 494 2347 558 nullus
2405 495 2585 560 loeus
2642 496 2759 578 est,

291 604 405 687 qui
452 604 524 666 in
569 603 696 668 hoc
743 602 1070 666 idiomatis
1124 623 1328 688 genus
1378 606 1642 686 spectet.

478 708 618 772 Iam
657 700 1062 773 transeamus
1103 709 1184 772 ad
1221 710 1636 793 participium
1678 731 1822 773 eum
1864 709 2005 773 aliis
2050 709 2303 773 casibus
2315 759 2332 793 ,
2380 730 2572 792 quam
2612 729 2757 773 cum

293 815 703 880 nominativo
735 815 1167 895 coniunctum.
1233 838 1307 880 ac
1342 825 1638 893 genetivi
1666 815 1926 900 quidem
1968 818 2328 880 structurae
2359 815 2483 879 duo
2524 835 2760 899 genera

303 922 691 986 secernenda
739 926 916 1006 sunt,
966 926 1162 1006 prout
1208 924 1379 987 enim
1440 922 1778 1007 genetivus
1826 944 1864 984 a
1919 922 2116 986 verbo
2166 921 2509 1004 dependet,
2565 922 2761 1004 prout

303 1050 346 1090 a
391 1029 815 1094 substantivo.
889 1029 956 1092 in
1003 1030 1277 1093 alterum
1326 1051 1531 1114 genus
1579 1029 1817 1093 cadunt
1864 1027 2015 1093 Tac.
2062 1049 2206 1091 ann.
2246 1026 2357 1110 IV,
2397 1027 2511 1090 21:
2569 1028 2757 1091 secuti

295 1137 594 1199 sermonis
627 1137 937 1200 incusavit
961 1137 1282 1200 adversum
1318 1137 1697 1200 maiestatem
1732 1134 1946 1198 habiti.
2012 1132 2133 1219 VI,
2164 1134 2248 1198 29
2296 1134 2457 1196 male
2482 1133 2753 1197 admini-

295 1247 532 1306 stratae
566 1243 950 1324 aliorumque
984 1243 1316 1306 eriminum
1353 1240 1812 1327 arquebaturJ)
1874 1242 2128 1328 generis
2169 1241 2433 1306 alterius
2465 1240 2756 1323 exempla

297 1349 571 1432 propius
636 1348 948 1414 accedunt
1025 1349 1108 1413 ad
1170 1372 1359 1414 usum
1427 1349 1678 1414 dicendi
1742 1350 2077 1433 vulgarem
2143 1348 2557 1430 omniumque
2620 1345 2757 1409 fere

303 1455 693 1538 scriptorum
728 1456 1088 1539 proprium,
1128 1456 1322 1520 sicut:
1380 1456 1528 1522 Tac.
1569 1478 1717 1521 ann.
1757 1455 1818 1540 Ι,
1856 1456 1942 1520 26
1979 1441 2036 1520 is
2074 1456 2314 1519 orditur
2348 1456 2421 1519 de
2445 1453 2752 1536 praemiis

303 1561 526 1642 finitae
565 1562 836 1627 militiae.
909 1561 1062 1646 XII,
1108 1563 1187 1626 31
1243 1562 1524 1628 Ostorius
1568 1564 1793 1628 servati
1838 1562 1987 1627 civis
2030 1563 2207 1626 decus
2251 1563 2493 1626 meruit.
2581 1559 2757 1644 XIV,

305 1667 394 1730 29
439 1672 812 1750 receptaeque
848 1668 1184 1732 Armeniae
1219 1670 1415 1734 decus,
1487 1669 1628 1754 XV,
1668 1669 1748 1733 51
1786 1688 2023 1751 poenas
2066 1689 2305 1733 eversae
2346 1669 2437 1732 rei
2470 1668 2755 1749 publicae

297 1773 492 1837 daret.
572 1773 726 1838 hist.
763 1774 888 1857 III,
927 1775 1007 1839 61
1057 1794 1176 1855 quo
1221 1777 1440 1842 amissi
1471 1777 1781 1858 praesidii
1825 1775 2073 1840 dedecus
2120 1775 2395 1839 lenirent.
2469 1772 2638 1837 Vell.
2674 1769 2758 1856 ΙΙ,

294 1879 384 1943 66
440 1879 605 1945 nihil
656 1883 832 1963 eyisti
875 1881 970 1946 M.
1016 1880 1258 1946 Antoni
1303 1884 1629 1947 mercedem
1674 1881 2091 1947 caelestissimi
2136 1882 2263 1946 oris
2318 1885 2375 1944 et
2418 1880 2753 1946 clarissimi

291 1988 524 2068 capitis
567 1988 792 2052 abscisi
833 1988 1231 2052 numerando.
1317 1988 1447 2052 alia
1490 2009 1712 2053 rursus
1768 1988 1963 2052 huius
2012 1986 2265 2072 generis
2323 1987 2614 2072 exempla
2675 1987 2756 2050 ab

295 2093 545 2158 usitato
608 2094 860 2158 dicendi
923 2117 1042 2159 usu
1106 2094 1414 2158 recedunt
1475 2118 1620 2160 ann.
1669 2094 1726 2180 Ι,
1774 2095 1857 2159 59
1919 2094 2100 2176 fama
2154 2095 2344 2159 dediti
2398 2095 2759 2178 beniyneque

297 2201 533 2282 excepti
577 2198 838 2283 Seyestis
896 2201 1143 2284 vulyata
1193 2251 1208 2264 .
1245 2251 1262 2267 .
1299 2252 1314 2266 .
1353 2250 1368 2266 .
1425 2204 1743 2286 accipitur.
1842 2202 1902 2285 I,
1949 2201 2032 2266 69
2091 2208 2453 2284 pervaserat
2508 2203 2759 2266 interim

299 2307 698 2371 circumventi
741 2307 1036 2371 exercitus
1084 2306 1281 2387 fama.
1354 2306 1449 2392 ΙΙ,
1494 2308 1582 2373 25
1637 2308 1851 2389 famae
1903 2308 2119 2373 elassis
2172 2310 2453 2374 amissae.
2526 2308 2622 2391 II,
2673 2306 2777 2372 75·

305 2413 502 2479 luctus
547 2414 815 2479 amissae
859 2399 1106 2478 sororis.
1178 2411 1302 2499 ΙΙΙ,
1349 2413 1440 2477 24
1491 2415 1676 2496 yravi
1719 2415 1965 2479 nomine
2010 2413 2346 2480 Caesarum
2392 2415 2759 2497 reliqionum

307 2539 383 2582 ac
435 2519 692 2584 violatae
735 2520 1092 2584 maiestatis.
1175 2518 1299 2602 IV,
1347 2519 1387 2583 6
1451 2521 1748 2602 quoniam
1795 2521 2037 2586 Tiberio
2100 2523 2327 2586 mutat-i
2382 2522 2453 2585 in
2498 2523 2759 2586 deterius

293 2626 692 2709 principatus
725 2627 978 2691 initium
1013 2628 1117 2692 ille
1152 2647 1359 2692 annus
1394 2629 1620 2694 attulit.
1685 2628 1842 2713 XII,
1873 2629 1914 2693 5
1958 2628 2131 2693 nullo
2169 2629 2439 2712 exemplo
2475 2629 2760 2695 deductae

297 2732 374 2795 in
419 2733 668 2797 domum
703 2737 1006 2814 paternae
1044 2733 1272 2814 fratris
1313 2734 1500 2816 filiae.
1585 2734 1733 2800 hist.
1775 2734 1869 2819 II,
1916 2735 1997 2799 91
2058 2736 2127 2800 in
2171 2736 2483 2801 auxilium
2526 2740 2761 2819 spretae

259 2840 620 2919 ‚potestatis
670 2841 1000 2905 advocavit.
1095 2838 1220 2923 ΠΙ,
1271 2841 1352 2906 78
1418 2842 1639 2907 obses-si
1694 2842 1971 2925 capitolii
2028 2842 2225 2923 fama.
2298 2842 2413 2928 IV,
2460 2844 2546 2909 32
2600 2843 2763 2926 quod

294 2947 654 3027 praemium
687 2946 871 3028 effusi
908 2948 1124 3011 totiens
1158 2949 1502 3030 sanquinis.
1571 2948 1789 3033 Agric.
1824 2950 1859 3013 7
1898 2950 2118 3013 nuntio
2154 2949 2427 3031 affectati
2460 2972 2503 3014 a
2542 2950 2761 3032 Vespa-

301 3052 482 3117 siano
528 3053 794 3135 imperii.
867 3052 1030 3119 Vell.
1076 3052 1168 3138 Π,
1213 3052 1301 3117 45
1356 3074 1483 3119 non
1520 3060 1853 3120 caruerunt
1896 3056 2239 3137 suspicione
2284 3058 2554 3138 oppressi
2600 3055 2759 3121 Cice-

308 3160 479 3224 ronis
524 3158 758 3225 Caesar
803 3164 860 3224 et
900 3159 1246 3242 Pompeius.
1323 3159 1418 3246 II,
1467 3162 1592 3226 117
1637 3161 1919 3243 fuowstae
1962 3182 2036 3227 ex
2084 3159 2428 3226 Germania
2471 3162 2757 3243 epistolae

309 3268 599 3331 nuntium
653 3266 909 3331 attulere
960 3267 1122 3331 caesi
1176 3267 1332 3332 Vari
1396 3269 1961 3350 trucidaturumque
2017 3268 2321 3351 leyionum
2376 3268 2567 3332 trium
2622 3268 2759 3331 toti-

303 3372 572 3455 demque
607 3373 858 3437 alarum
911 3377 970 3437 et
1019 3393 1124 3437 sex
1189 3373 1541 3440 cohortium.
1555 3372 1610 3454 ²)
1690 3374 2011 3457 Exempla
2056 3395 2199 3438 ann.
2246 3373 2308 3455 I,
2355 3373 2440 3438 59
2499 3376 2564 3437 et
2608 3372 2760 3437 hist.

301 3478 423 3564 lV,
459 3480 546 3543 32
595 3480 705 3545 ubi
742 3480 1083 3564 participio
1124 3480 1502 3546 adverbium
1539 3481 1833 3566 iungitur
1867 3479 2166 3563 inprimis
2202 3478 2761 3545 commemoranda

306 3587 489 3669 sunt,
554 3586 790 3671 quibus
848 3586 1323 3652 demonstretur
1389 3586 1831 3671 participium,
1887 3608 2278 3672 quamquam
2337 3586 2570 3651 intima
2625 3587 2761 3651 eius

456 3869 508 3935 1)
543 3867 652 3923 Pro
689 3868 932 3926 lectione
971 3866 1229 3925 codicum
1265 3870 1714 3939 urguebatur,
1754 3886 1921 3939 quam
1960 3869 2182 3925 Ernesti
2216 3867 2440 3926 retinet.

454 3958 508 4024 2)
544 3954 653 4010 Hic
689 3958 846 4013 locus
885 3958 1006 4012 tam
1031 3957 1264 4011 mutilus
1295 3958 1397 4027 est,
1433 3959 1500 4012 ut
1535 3958 1608 4013 ad
1643 3974 1779 4013 vera
1806 3956 1990 4012 Vellei
2026 3957 2199 4013 verba
2225 3958 2418 4013 reduci
2444 3957 2539 4014 vix
2565 3948 2761 4027 possit.

303 4044 502 4097 tamen
545 4045 852 4101 verisimile
891 4050 978 4101 est
1013 4045 1305 4117 genetivos
1358 4048 1502 4101 caesi
1549 4046 1690 4102 Vari
1734 4048 2241 4117 trucidatarumque
2280 4090 2291 4102 .
2323 4090 2335 4103 .
2369 4092 2379 4103 .
2413 4089 2424 4101 .
2465 4047 2764 4101 cohortium

311 4131 626 4201 dependere
663 4137 733 4189 de
770 4152 910 4191 voce
947 4136 1154 4206 aliqua,
1193 4135 1374 4204 qualis
1414 4137 1501 4190 est
1537 4135 1835 4191 nuntius,
1912 4136 2062 4203 quod
2098 4135 2172 4188 ad
2208 4135 2449 4205 primam
2487 4134 2763 4209 enuntiati

303 4222 528 4290 partem
563 4224 810 4294 pertinet
845 4224 1138 4279 laudamus
1177 4223 1388 4279 Halmii
1424 4241 1540 4279 non
1576 4224 1746 4279 modo
1787 4222 2164 4279 coniecturam
2200 4225 2414 4295 ipsam,
2452 4224 2553 4280 sed
2591 4224 2763 4279 etiam

303 4312 604 4366 verborum
643 4313 958 4369 nuntium
994 4314 1296 4369 attulere
1333 4314 1833 4383 transpositionem
1862 4330 2030 4381 supra
2057 4313 2448 4384 significatam.
2514 4317 2763 4369 extrema

303 4402 498 4454 autem
533 4402 697 4470 parte
733 4402 901 4457 nimis
947 4403 1126 4457 multa
1161 4404 1336 4458 verba
1374 4400 1648 4457 excidisse
1685 4402 1971 4470 videntur,
2021 4419 2187 4471 quam
2234 4406 2297 4457 ut
2340 4404 2495 4459 haud
2534 4402 2762 4456 dubiam

303 4488 478 4544 fidem
523 4491 651 4546 loco
698 4489 902 4547 inferre
956 4492 1154 4562 possis.
1240 4494 1487 4546 ceterum
1532 4508 1645 4546 non
1701 4490 1900 4546 inutile
1948 4493 2035 4545 est
2090 4493 2164 4546 ad
2206 4492 2409 4547 Kritzii
2454 4491 2761 4545 editionem

307 4578 604 4649 delegare,
650 4577 712 4633 in
749 4580 904 4635 cuius
923 4580 1398 4636 »annotationibus
1434 4580 1612 4635 totius
1649 4581 1763 4635 loci
1799 4598 1971 4635 nexus
2011 4582 2068 4635 et
2104 4597 2296 4635 sensus
2332 4580 2484 4635 recte
2522 4579 2763 4649 expliea-

306 4671 400 4723 tus
439 4685 562 4723 esse
600 4669 844 4725 videtur.

2266 4758 2339 4815 4*
