3303 5235
1035 290 1117 344 De
1154 289 1580 360 participiorum
1620 307 1721 343 usu
1758 287 2108 343 attributiv0.
2716 287 2801 350 65

334 456 589 518 randae
622 453 911 516 victoriae
946 453 1230 535 impares.
1285 452 1399 536 IV,
1435 456 1528 517 11·
1551 453 1765 518 civitas
1804 451 2110 515 rimandis
2145 449 2397 530 offensis
2430 471 2644 534 saqaoe.
2690 448 2805 534 IV,

337 561 429 625 68
483 560 764 625 turbidus
801 560 1124 624 miscendis
1158 559 1572 624 seditionibus.
1645 558 1760 642 IV,
1790 558 1873 622 69
1921 559 2275 622 instruendo
2321 558 2469 623 bello
2515 557 2803 636 offensus,

333 665 460 749 IV,
501 667 584 730 71
632 667 1082 731 contemnendis
1116 686 1304 747 quam
1341 666 1624 731 cavendis
1658 664 1928 730 hostibus
1964 666 2196 730 melior.
2263 661 2478 730 Germ.
2524 665 2599 728 11
2650 684 2803 727 nam

333 775 600 856 aqendis
643 774 822 838 rebus
865 772 974 837 hoc
1018 774 1586 856 auspicatissimum
1629 773 1884 836 initium
1920 773 2190 838 credunt.

525 877 742 943 Vellei
787 902 986 943 unum
1036 883 1250 944 exstat
1295 879 1688 961 exemplum:
1742 877 1835 962 II,
1889 880 1968 942 12
2003 879 2275 960 populus
2318 878 2645 942 Romanus
2678 898 2803 941 non

342 987 552 1051 alium
593 987 948 1067 repellendis
996 988 1188 1051 tantis
1243 987 1512 1052 hostibus
1557 987 1760 1068 maqis
1812 986 2097 1050 idoneum
2142 987 2571 1067 imperatorem
2616 1006 2804 1066 quam

345 1093 640 1157 Marium
683 1099 773 1158 est
815 1098 1006 1158 ratus,

881 1340 1006 1394 111.
1062 1340 1150 1394 De
1188 1340 1392 1396 dativo
1427 1339 1819 1396 antecedente
1858 1338 2259 1395 substantivo.

530 1463 879 1549 Perpaucis
909 1467 1330 1532 substantivis
1362 1465 1709 1552 exeeptis1)
1741 1464 2067 1530 Ciceronis
2098 1468 2308 1529 aetate
2336 1465 2442 1530 hic
2469 1487 2623 1530 usus
2648 1487 2804 1530 non-

346 1571 550 1635 nullis
577 1571 983 1636 iudicialibus
1025 1573 1493 1638 elocutionibus
1525 1575 1894 1638 continetur
1928 1569 2035 1656 (cf.
2066 1571 2194 1637 Cic.
2223 1573 2347 1636 div.
2376 1571 2425 1656 I,
2451 1573 2528 1637 17
2557 1574 2805 1638 comitia

347 1677 698 1741 consulibus
717 1679 1011 1759 roqandis
1036 1677 1277 1765 habuit)
1301 1702 1461 1763 quos
1489 1681 1648 1743 fines
1680 1701 1761 1744 ne
1787 1676 2127 1743 Sallustius
2157 1683 2222 1742 et
2240 1679 2525 1742 Velleius
2546 1679 2801 1763 quidem

340 1787 607 1868 praeter
637 1807 837 1848 unum
871 1786 1083 1849 locum
1117 1783 1311 1871 (Vell.
1332 1785 1416 1870 ΙΙ,
1448 1783 1560 1871 79)
1592 1785 1924 1851 excedunt.
1980 1807 2185 1869 neque
2215 1785 2343 1849 alia
2372 1785 2509 1850 eius
2540 1807 2801 1850 consue·

336 1892 594 1955 tudinis
624 1891 794 1956 ratio
823 1891 991 1974 apud
1026 1891 1283 1957 Livium
1310 1915 1449 1957 esse
1475 1894 1747 1976 videtur,
1786 1914 1929 1957 cum
1958 1892 2266 1956 maiorem
2296 1892 2625 1957 licentiam
2654 1892 2802 1955 huic

334 1998 494 2062 usui
542 1996 778 2062 inferre
825 1998 1088 2063 Tacitus
1136 1999 1394 2063 demum
1450 2022 1643 2064 ausus
1692 2000 1794 2062 sit.
1888 2020 2039 2062 ann.
2078 1997 2128 2082 Ι,
2167 1999 2279 2063 54:
2350 2000 2530 2065 Titus
2581 1999 2803 2063 Tatius

337 2106 685 2168 retinendis
703 2103 1080 2170 Sabinorum
1103 2107 1300 2171 sacris
1323 2106 1558 2171 sodales
1580 2106 1775 2170 Titios
1802 2107 2170 2171 instituerat.
2215 2105 2266 2190 I,
2290 2106 2375 2169 62
2392 2107 2676 2189 primum
2704 2125 2801 2170 cx-

339 2213 638 2276 struendo
685 2212 918 2276 tumulo
963 2215 1282 2296 caespitem
1310 2211 1540 2278 Caesar
1567 2215 1795 2296 posuit.
1880 2211 1965 2295 ΙΙ,
1994 2213 2078 2276 26
2105 2217 2396 2293 precante
2434 2212 2803 2278 Germanico

348 2339 589 2383 annum
616 2319 952 2400 efficiendis
974 2320 1212 2402 coeptis,
1266 2317 1351 2403 ΙΙ,
1375 2320 1459 2384 33
1489 2321 1904 2400 decretumque
1928 2339 2005 2382 ne
2031 2339 2182 2382 vasa
2209 2340 2364 2383 auro
2390 2319 2589 2384 solida
2617 2319 2801 2381 mini-

345 2427 626 2490 strandis
652 2425 803 2490 cibis
827 2427 1056 2508 tierent.
1112 2425 1230 2510 III,
1265 2427 1345 2490 12
1375 2428 1719 2491 adiutorem
1747 2425 2115 2490 Germanico
2151 2426 2366 2489 datum
2393 2447 2435 2489 a
2460 2445 2524 2489 se
2560 2428 2804 2488 auctore

353 2537 570 2596 senatu
594 2533 770 2598 rebus
799 2534 969 2614 apud
993 2534 1283 2597 orientem
1312 2534 1847 2598 administrandis.
1904 2531 2020 2616 III,
2056 2532 2134 2595 13
2164 2531 2804 2596 biduum‘criminibus

350 2640 678 2705 obiciendis
722 2642 1035 2705 statuitur.
1109 2639 1208 2704 ΙΙΙ
1218 2692 1235 2724 ,
1288 2642 1369 2706 15
1428 2646 1558 2706 tum
1603 2642 1791 2706 solita
1834 2642 2108 2706 curando
2154 2641 2397 2722 corpori
2439 2640 2801 2720 exsequitur.

341 2746 445 2811 III
457 2797 476 2830 ,
514 2747 602 2811 25
646 2748 982 2812 incitandis
1016 2747 1314 2811 caelibum
1340 2749 1559 2830 poenis
1595 2752 1654 2812 et
1688 2749 1965 2831 auqendo
2002 2748 2247 2812 aerario
2291 2752 2603 2812 sanxerat.
2684 2744 2803 2828 ΙΙΙ,

341 2854 436 2918 28
491 2852 560 2917 G.
599 2852 921 2935 Pompeius
967 2855 1212 2918 tertium
1248 2855 1458 2919 consul
1502 2856 1877 2937 corriqendis
1913 2855 2183 2920 moribus
2220 2856 2489 2921 delectus.
2560 2853 2675 2937 VI,
2713 2854 2798 2917 37

341 2960 457 3025 ille
502 2980 722 3041 equum
753 2961 1064 3042 placando
1111 2963 1286 3025 amni
1330 2962 1706 3025 adornasset.
1779 2960 1900 3043 VI,
1947 2960 2033 3024 45
2079 2964 2442 3025 recreandae
2484 2960 2805 3040 defectioni

349 3067 551 3130 cibum
589 3066 897 3146 afferrent.
971 3065 1127 3151 XII,
1165 3068 1249 3132 68
1295 3068 1443 3130 dum
1479 3086 1634 3147 quae
1672 3086 1769 3131 res
1799 3067 2007 3146 forent
2036 3068 2346 3147 firmando
2385 3066 2655 3131 Neronis
2688 3067 2803 3130 im-

346 3174 523 3253 perio
565 3178 1024 3256 componuntur.
1096 3173 1285 3258 XIII,
1327 3175 1362 3238 7
1412 3174 1779 3237 iuventutem
1815 3175 2156 3255 quaesitam
2198 3172 2552 3255 supplendis
2592 3172 2800 3235 Orien-

358 3280 440 3343 tis
491 3280 822 3363 leyioni'bus
885 3282 1200 3345 admovere
1245 3331 1260 3345 .
1300 3330 1313 3344 .
1352 3330 1367 3345 .
1405 3331 1420 3345 .
1475 3281 1653 3346 iubet.
1752 3278 1936 3364 XVI,
1984 3280 2068 3343 23
2119 3280 2338 3361 portui
2390 3278 2803 3360 Ephesiorum

349 3388 679 3469 aperiendo
715 3406 930 3452 curam
967 3388 1395 3468 insumpserat.
1469 3385 1651 3469 XIII,
1682 3386 1766 3450 53
1796 3386 1900 3450 ille
1934 3385 2286 3450 inchoatum
2324 3436 2338 3449 .
2369 3434 2383 3449 .
2413 3435 2427 3450 .
2458 3434 2473 3449 .
2510 3407 2553 3449 a
2588 3384 2801 3449 Druso

345 3516 629 3576 ayqerem
674 3496 988 3559 coercendo
1023 3494 1234 3558 Rheno
1281 3494 1551 3558 absolvit.
1625 3491 1801 3574 XIV,
1841 3492 1881 3555 3
1928 3493 2289 3557 additurum
2323 3493 2671 3574 principem
2707 3492 2802 3555 de-

339 3600 598 3680 functae
653 3601 943 3683 templum
997 3606 1054 3664 et
1109 3620 1260 3665 aras
1319 3605 1376 3664 et
1437 3604 1629 3663 cetera
1685 3599 2076 3663 ostentandae
2116 3600 2358 3680 pietati.
2451 3597 2594 3681 XV,
2642 3599 2681 3662 9
2728 3619 2804 3661 nc

334 3708 524 3789 ponti
569 3708 872 3771 iniciendo
917 3708 1414 3788 impedimentum
1449 3705 1693 3770 hostiles
1739 3709 1978 3769 turmae
2013 3704 2288 3785 afferent.
2360 3704 2505 3788 XV,
2533 3705 2620 3768 43
2665 3704 2803 3769 sub-

344 3814 518 3878 sidia
560 3814 946 3896 reprimentis
990 3814 1250 3896 ignibus.
1333 3810 1477 3894 XV,
1521 3811 1606 3876 48
1660 3811 2027 3891 facundiam
2081 3812 2321 3876 tuendis
2365 3810 2595 3875 civibus
2638 3830 2801 3875 exer-

344 3920 532 3985 cebat.
615 3920 805 4003 XVI,
860 3921 938 3984 13
994 3922 1243 3985 dilectus
1286 3939 1402 4001 per
1451 3917 1734 3982 Galliam
1791 3902 2252 3984 Narbonensem
2299 3918 2703 4000 Africamque
2748 3924 2804 3982 et

346 4026 578 4091 Asiam
620 4027 818 4092 habiti
859 4032 1007 4092 sunt
1055 4026 1410 4109 supplendis
1462 4024 1742 4107 Illyricis
1797 4026 2144 4109 leqionibus.
2245 4024 2423 4108 XVI,
2468 4025 2543 4088 17
2592 4027 2801 4105 acqui—

348 4135 575 4198 rendae
595 4135 898 4216 pecuniae
934 4134 1173 4199 brevius
1208 4134 1322 4197 iter
1349 4131 1620 4195 credebat
1642 4152 1761 4212 per
1783 4132 2249 4213 procurationes
2284 4132 2801 4196 administrandis

329 4241 652 4322 principis
695 4241 966 4323 neqotiis.
1049 4239 1236 4323 XVI,
1283 4239 1369 4303 26
1422 4258 1620 4303 secum
1666 4238 2021 4319 eoepcnderet
2062 4240 2226 4319 quod
2268 4238 2382 4303 tali
2425 4239 2494 4301 in
2541 4243 2801 4320 Wpore

343 4348 746 4428 capessendae
805 4348 899 4410 rei
946 4346 1230 4429 publicae
1283 4347 1399 4409 iter
1460 4346 1891 4426 inqrederetur.
1985 4345 2133 4409 hist.
2178 4343 2273 4428 II,
2320 4345 2400 4408 21
2481 4344 2802 4409 Vitelliani

329 4454 584 4537 pluteos
637 4458 944 4534 cratesque
986 4457 1045 4517 et
1093 4454 1304 4518 vineas
1357 4450 1770 4532 subfodiendis
1823 4450 2023 4515 muris
2062 4452 2562 4533 protegendisque
2616 4472 2801 4533 opput-

498 4631 552 4698 1)
590 4629 670 4684 Cf.
711 4628 936 4698 Teipel,
973 4628 1012 4681 l.
1050 4646 1096 4683 c.

459 4728 624 4775 Ηιωι,
653 4728 710 4768 de
736 4726 1080 4776 participiorum
1106 4737 1206 4767 usu.
2341 4722 2373 4768 ὃ
