<?xml version="1.0" encoding="UTF-8"?>
<!DOCTYPE html PUBLIC "-//W3C//DTD XHTML 1.0 Transitional//EN"
    "http://www.w3.org/TR/xhtml1/DTD/xhtml1-transitional.dtd">
<html xmlns="http://www.w3.org/1999/xhtml" xml:lang="en" lang="en">
 <head>
  <title>
</title>
<meta http-equiv="Content-Type" content="text/html;charset=utf-8" />
  <meta name='ocr-system' content='tesseract 3.04.00' />
  <meta name='ocr-capabilities' content='ocr_page ocr_carea ocr_par ocr_line ocrx_word'/>
</head>
<body>
  <div class='ocr_page' id='page_1' title='image "./quaestionessynt01helmgoog_0009.png"; bbox 0 0 3303 5235; ppageno 0'>
   <div class='ocr_carea' id='block_1_1' title="bbox 1238 1069 1624 1164">
    <p class='ocr_par' dir='ltr' id='par_1_1' title="bbox 1238 1069 1624 1164">
     <span class='ocr_line' id='line_1_1' title="bbox 1238 1069 1624 1164; baseline -0.005 -20"><span class='ocrx_word' id='word_1_1' title='bbox 1238 1071 1516 1164; x_wconf 84' lang='lat' dir='ltr'>Caput</span> <span class='ocrx_word' id='word_1_2' title='bbox 1569 1069 1624 1142; x_wconf 93' lang='lat' dir='ltr'>I.</span> 
     </span>
    </p>
   </div>
   <div class='ocr_carea' id='block_1_2' title="bbox 808 1227 2052 1328">
    <p class='ocr_par' dir='ltr' id='par_1_2' title="bbox 808 1227 2052 1328">
     <span class='ocr_line' id='line_1_2' title="bbox 808 1227 2052 1328; baseline -0.004 -23"><span class='ocrx_word' id='word_1_3' title='bbox 808 1237 900 1305; x_wconf 86' lang='lat' dir='ltr'>Dc</span> <span class='ocrx_word' id='word_1_4' title='bbox 959 1235 1458 1322; x_wconf 83' lang='lat' dir='ltr'>significatione</span> <span class='ocrx_word' id='word_1_5' title='bbox 1509 1227 2052 1328; x_wconf 76' lang='lat' dir='ltr'>participiorum.</span> 
     </span>
    </p>
   </div>
   <div class='ocr_carea' id='block_1_3' title="bbox 1050 1426 1813 1624">
    <p class='ocr_par' dir='ltr' id='par_1_3' title="bbox 1050 1426 1813 1624">
     <span class='ocr_line' id='line_1_3' title="bbox 1353 1426 1497 1504; baseline -0.021 -16"><span class='ocrx_word' id='word_1_6' title='bbox 1353 1426 1392 1504; x_wconf 65' lang='grc' dir='ltr'>ξ</span> <span class='ocrx_word' id='word_1_7' title='bbox 1443 1427 1497 1488; x_wconf 92' lang='grc'>1.</span> 
     </span>
     <span class='ocr_line' id='line_1_4' title="bbox 1050 1556 1813 1624; baseline -0.004 -11"><span class='ocrx_word' id='word_1_8' title='bbox 1050 1557 1410 1614; x_wconf 71' lang='lat' dir='ltr'>Generalis.</span> <span class='ocrx_word' id='word_1_9' title='bbox 1455 1556 1813 1624; x_wconf 77' lang='lat' dir='ltr'>quaedam,</span> 
     </span>
    </p>
   </div>
   <div class='ocr_carea' id='block_1_4' title="bbox 199 1704 2658 4344">
    <p class='ocr_par' dir='ltr' id='par_1_4' title="bbox 199 1704 2658 2428">
     <span class='ocr_line' id='line_1_5' title="bbox 383 1704 2658 1792; baseline -0.003 -18"><span class='ocrx_word' id='word_1_10' title='bbox 383 1705 656 1774; x_wconf 84' lang='lat' dir='ltr'>Consilii</span> <span class='ocrx_word' id='word_1_11' title='bbox 703 1709 910 1773; x_wconf 81' lang='lat' dir='ltr'>nostri</span> <span class='ocrx_word' id='word_1_12' title='bbox 970 1709 1038 1772; x_wconf 91' lang='lat' dir='ltr'>in</span> <span class='ocrx_word' id='word_1_13' title='bbox 1085 1709 1416 1792; x_wconf 90' lang='lat' dir='ltr'>prooemio</span> <span class='ocrx_word' id='word_1_14' title='bbox 1466 1705 1770 1792; x_wconf 73' lang='lat' dir='ltr'>expositi,</span> <span class='ocrx_word' id='word_1_15' title='bbox 1826 1704 2173 1769; x_wconf 89' lang='lat' dir='ltr'>secundum</span> <span class='ocrx_word' id='word_1_16' title='bbox 2221 1704 2390 1788; x_wconf 89' lang='lat' dir='ltr'>quod</span> <span class='ocrx_word' id='word_1_17' title='bbox 2439 1705 2658 1768; x_wconf 91' lang='lat' dir='ltr'>omnia</span> 
     </span>
     <span class='ocr_line' id='line_1_6' title="bbox 199 1811 2656 1897; baseline -0.003 -17"><span class='ocrx_word' id='word_1_18' title='bbox 199 1839 239 1880; x_wconf 89' lang='lat' dir='ltr'>a</span> <span class='ocrx_word' id='word_1_19' title='bbox 281 1816 828 1882; x_wconf 72' lang='lat' dir='ltr'>commentatione</span> <span class='ocrx_word' id='word_1_20' title='bbox 880 1819 1108 1880; x_wconf 86' lang='lat' dir='ltr'>nostra</span> <span class='ocrx_word' id='word_1_21' title='bbox 1157 1815 1366 1879; x_wconf 89' lang='lat' dir='ltr'>aliena</span> <span class='ocrx_word' id='word_1_22' title='bbox 1406 1817 1560 1879; x_wconf 89' lang='lat' dir='ltr'>sunt</span> <span class='ocrx_word' id='word_1_23' title='bbox 1606 1835 1768 1897; x_wconf 89' lang='lat' dir='ltr'>quae</span> <span class='ocrx_word' id='word_1_24' title='bbox 1809 1812 2187 1896; x_wconf 81' lang='lat' dir='ltr'>vulgaribus</span> <span class='ocrx_word' id='word_1_25' title='bbox 2226 1811 2407 1874; x_wconf 88' lang='lat' dir='ltr'>libris</span> <span class='ocrx_word' id='word_1_26' title='bbox 2447 1831 2656 1895; x_wconf 87' lang='lat' dir='ltr'>gram-</span> 
     </span>
     <span class='ocr_line' id='line_1_7' title="bbox 201 1916 2657 2006; baseline -0.003 -20"><span class='ocrx_word' id='word_1_27' title='bbox 201 1923 462 1987; x_wconf 88' lang='lat' dir='ltr'>maticis</span> <span class='ocrx_word' id='word_1_28' title='bbox 509 1923 666 1988; x_wconf 88' lang='lat' dir='ltr'>satis</span> <span class='ocrx_word' id='word_1_29' title='bbox 708 1944 1026 2006; x_wconf 85' lang='lat' dir='ltr'>superque</span> <span class='ocrx_word' id='word_1_30' title='bbox 1063 1926 1456 2005; x_wconf 82' lang='lat' dir='ltr'>tractantur,</span> <span class='ocrx_word' id='word_1_31' title='bbox 1502 1921 1716 2005; x_wconf 89' lang='lat' dir='ltr'>ipsum</span> <span class='ocrx_word' id='word_1_32' title='bbox 1754 1919 1943 1984; x_wconf 87' lang='lat' dir='ltr'>huius</span> <span class='ocrx_word' id='word_1_33' title='bbox 1991 1918 2141 1983; x_wconf 88' lang='lat' dir='ltr'>libri</span> <span class='ocrx_word' id='word_1_34' title='bbox 2187 1918 2444 1982; x_wconf 90' lang='lat' dir='ltr'>initium</span> <span class='ocrx_word' id='word_1_35' title='bbox 2480 1916 2657 1980; x_wconf 87' lang='lat' dir='ltr'>testi-</span> 
     </span>
     <span class='ocr_line' id='line_1_8' title="bbox 199 2025 2657 2114; baseline -0.002 -23"><span class='ocrx_word' id='word_1_36' title='bbox 199 2030 421 2093; x_wconf 90' lang='lat' dir='ltr'>monio</span> <span class='ocrx_word' id='word_1_37' title='bbox 481 2051 619 2094; x_wconf 87' lang='lat' dir='ltr'>esse</span> <span class='ocrx_word' id='word_1_38' title='bbox 685 2030 1001 2094; x_wconf 80' lang='lat' dir='ltr'>volumus,</span> <span class='ocrx_word' id='word_1_39' title='bbox 1093 2052 1245 2094; x_wconf 91' lang='lat' dir='ltr'>nam</span> <span class='ocrx_word' id='word_1_40' title='bbox 1316 2032 1568 2092; x_wconf 85' lang='lat' dir='ltr'>tantum</span> <span class='ocrx_word' id='word_1_41' title='bbox 1639 2027 1853 2114; x_wconf 83' lang='lat' dir='ltr'>abest,</span> <span class='ocrx_word' id='word_1_42' title='bbox 1919 2027 1991 2089; x_wconf 76' lang='lat' dir='ltr'>u‘t</span> <span class='ocrx_word' id='word_1_43' title='bbox 2055 2045 2467 2108; x_wconf 87' lang='lat' dir='ltr'>quaecunque</span> <span class='ocrx_word' id='word_1_44' title='bbox 2538 2025 2657 2087; x_wconf 90' lang='lat' dir='ltr'>viri</span> 
     </span>
     <span class='ocr_line' id='line_1_9' title="bbox 202 2131 2655 2219; baseline -0.002 -22"><span class='ocrx_word' id='word_1_45' title='bbox 202 2135 380 2198; x_wconf 87' lang='lat' dir='ltr'>docti</span> <span class='ocrx_word' id='word_1_46' title='bbox 428 2134 504 2198; x_wconf 90' lang='lat' dir='ltr'>de</span> <span class='ocrx_word' id='word_1_47' title='bbox 550 2134 940 2199; x_wconf 86' lang='lat' dir='ltr'>formatione</span> <span class='ocrx_word' id='word_1_48' title='bbox 988 2135 1479 2219; x_wconf 86' lang='lat' dir='ltr'>participiorum</span> <span class='ocrx_word' id='word_1_49' title='bbox 1539 2133 1610 2196; x_wconf 90' lang='lat' dir='ltr'>in</span> <span class='ocrx_word' id='word_1_50' title='bbox 1668 2132 1953 2196; x_wconf 87' lang='lat' dir='ltr'>diversas</span> <span class='ocrx_word' id='word_1_51' title='bbox 2013 2135 2231 2214; x_wconf 87' lang='lat' dir='ltr'>partes</span> <span class='ocrx_word' id='word_1_52' title='bbox 2289 2131 2655 2214; x_wconf 82' lang='lat' dir='ltr'>disputave-</span> 
     </span>
     <span class='ocr_line' id='line_1_10' title="bbox 206 2236 2655 2324; baseline -0.001 -22"><span class='ocrx_word' id='word_1_53' title='bbox 206 2242 363 2302; x_wconf 90' lang='lat' dir='ltr'>runt</span> <span class='ocrx_word' id='word_1_54' title='bbox 407 2243 798 2321; x_wconf 86' lang='lat' dir='ltr'>repetamus,</span> <span class='ocrx_word' id='word_1_55' title='bbox 855 2245 928 2304; x_wconf 88' lang='lat' dir='ltr'>ut</span> <span class='ocrx_word' id='word_1_56' title='bbox 975 2241 1128 2323; x_wconf 90' lang='lat' dir='ltr'>quid</span> <span class='ocrx_word' id='word_1_57' title='bbox 1183 2240 1311 2324; x_wconf 88' lang='lat' dir='ltr'>ipsi</span> <span class='ocrx_word' id='word_1_58' title='bbox 1369 2239 1445 2303; x_wconf 91' lang='lat' dir='ltr'>de</span> <span class='ocrx_word' id='word_1_59' title='bbox 1491 2238 1879 2304; x_wconf 87' lang='lat' dir='ltr'>formatione</span> <span class='ocrx_word' id='word_1_60' title='bbox 1927 2240 1993 2301; x_wconf 91' lang='lat' dir='ltr'>et</span> <span class='ocrx_word' id='word_1_61' title='bbox 2048 2237 2125 2302; x_wconf 89' lang='lat' dir='ltr'>de</span> <span class='ocrx_word' id='word_1_62' title='bbox 2182 2236 2655 2322; x_wconf 88' lang='lat' dir='ltr'>significatione</span> 
     </span>
     <span class='ocr_line' id='line_1_11' title="bbox 205 2344 2273 2428; baseline 0 -18"><span class='ocrx_word' id='word_1_63' title='bbox 205 2346 359 2410; x_wconf 89' lang='lat' dir='ltr'>inde</span> <span class='ocrx_word' id='word_1_64' title='bbox 409 2345 786 2428; x_wconf 88' lang='lat' dir='ltr'>explicanda</span> <span class='ocrx_word' id='word_1_65' title='bbox 833 2345 1182 2409; x_wconf 87' lang='lat' dir='ltr'>iudicemus</span> <span class='ocrx_word' id='word_1_66' title='bbox 1231 2367 1426 2428; x_wconf 91' lang='lat' dir='ltr'>quam</span> <span class='ocrx_word' id='word_1_67' title='bbox 1472 2345 1850 2409; x_wconf 88' lang='lat' dir='ltr'>brevissime</span> <span class='ocrx_word' id='word_1_68' title='bbox 1894 2344 2273 2410; x_wconf 64' lang='lat' dir='ltr'>indicemus</span> 
     </span>
    </p>

    <p class='ocr_par' dir='ltr' id='par_1_5' title="bbox 203 2447 2656 3489">
     <span class='ocr_line' id='line_1_12' title="bbox 380 2447 2654 2534; baseline 0 -20"><span class='ocrx_word' id='word_1_69' title='bbox 380 2451 801 2534; x_wconf 87' lang='lat' dir='ltr'>Participium</span> <span class='ocrx_word' id='word_1_70' title='bbox 863 2474 1008 2516; x_wconf 92' lang='lat' dir='ltr'>cum</span> <span class='ocrx_word' id='word_1_71' title='bbox 1078 2447 1210 2516; x_wconf 86' lang='lat' dir='ltr'>non</span> <span class='ocrx_word' id='word_1_72' title='bbox 1273 2451 1482 2514; x_wconf 89' lang='lat' dir='ltr'>minus</span> <span class='ocrx_word' id='word_1_73' title='bbox 1545 2454 1739 2534; x_wconf 90' lang='lat' dir='ltr'>atque</span> <span class='ocrx_word' id='word_1_74' title='bbox 1798 2451 2155 2514; x_wconf 87' lang='lat' dir='ltr'>infinitivus</span> <span class='ocrx_word' id='word_1_75' title='bbox 2214 2470 2453 2516; x_wconf 87' lang='lat' dir='ltr'>nomen</span> <span class='ocrx_word' id='word_1_76' title='bbox 2519 2472 2654 2515; x_wconf 86' lang='lat' dir='ltr'>ver·</span> 
     </span>
     <span class='ocr_line' id='line_1_13' title="bbox 203 2557 2655 2643; baseline -0.001 -20"><span class='ocrx_word' id='word_1_77' title='bbox 203 2559 350 2623; x_wconf 87' lang='lat' dir='ltr'>bale</span> <span class='ocrx_word' id='word_1_78' title='bbox 417 2558 530 2642; x_wconf 88' lang='lat' dir='ltr'>sit,</span> <span class='ocrx_word' id='word_1_79' title='bbox 596 2558 1094 2643; x_wconf 85' lang='lat' dir='ltr'>significationis</span> <span class='ocrx_word' id='word_1_80' title='bbox 1161 2577 1400 2643; x_wconf 89' lang='lat' dir='ltr'>magna</span> <span class='ocrx_word' id='word_1_81' title='bbox 1477 2557 1830 2622; x_wconf 87' lang='lat' dir='ltr'>similitudo</span> <span class='ocrx_word' id='word_1_82' title='bbox 1897 2557 2069 2622; x_wconf 87' lang='lat' dir='ltr'>inter</span> <span class='ocrx_word' id='word_1_83' title='bbox 2122 2560 2460 2640; x_wconf 87' lang='lat' dir='ltr'>utramque</span> <span class='ocrx_word' id='word_1_84' title='bbox 2518 2577 2655 2622; x_wconf 79' lang='lat' dir='ltr'>ora-</span> 
     </span>
     <span class='ocr_line' id='line_1_14' title="bbox 203 2662 2655 2748; baseline -0.001 -19"><span class='ocrx_word' id='word_1_85' title='bbox 203 2666 406 2729; x_wconf 87' lang='lat' dir='ltr'>tionis</span> <span class='ocrx_word' id='word_1_86' title='bbox 453 2668 708 2748; x_wconf 88' lang='lat' dir='ltr'>partem</span> <span class='ocrx_word' id='word_1_87' title='bbox 755 2664 1113 2728; x_wconf 79' lang='lat' dir='ltr'>intercedat</span> <span class='ocrx_word' id='word_1_88' title='bbox 1158 2686 1419 2729; x_wconf 89' lang='lat' dir='ltr'>necesse</span> <span class='ocrx_word' id='word_1_89' title='bbox 1467 2668 1583 2728; x_wconf 90' lang='lat' dir='ltr'>est.</span> <span class='ocrx_word' id='word_1_90' title='bbox 1672 2664 1797 2728; x_wconf 91' lang='lat' dir='ltr'>hoc</span> <span class='ocrx_word' id='word_1_91' title='bbox 1842 2666 2063 2727; x_wconf 90' lang='lat' dir='ltr'>tamen</span> <span class='ocrx_word' id='word_1_92' title='bbox 2111 2662 2497 2727; x_wconf 86' lang='lat' dir='ltr'>discriminis</span> <span class='ocrx_word' id='word_1_93' title='bbox 2545 2685 2655 2747; x_wconf 70' lang='lat' dir='ltr'>ap-</span> 
     </span>
     <span class='ocr_line' id='line_1_15' title="bbox 203 2770 2656 2854; baseline -0 -20"><span class='ocrx_word' id='word_1_94' title='bbox 203 2775 414 2854; x_wconf 89' lang='lat' dir='ltr'>paret,</span> <span class='ocrx_word' id='word_1_95' title='bbox 471 2775 543 2834; x_wconf 89' lang='lat' dir='ltr'>ut</span> <span class='ocrx_word' id='word_1_96' title='bbox 598 2770 702 2833; x_wconf 90' lang='lat' dir='ltr'>hic</span> <span class='ocrx_word' id='word_1_97' title='bbox 757 2770 1022 2854; x_wconf 88' lang='lat' dir='ltr'>propius</span> <span class='ocrx_word' id='word_1_98' title='bbox 1081 2770 1162 2835; x_wconf 89' lang='lat' dir='ltr'>ad</span> <span class='ocrx_word' id='word_1_99' title='bbox 1219 2793 1460 2836; x_wconf 91' lang='lat' dir='ltr'>nomen</span> <span class='ocrx_word' id='word_1_100' title='bbox 1507 2770 1679 2853; x_wconf 90' lang='lat' dir='ltr'>quod</span> <span class='ocrx_word' id='word_1_101' title='bbox 1726 2773 1995 2834; x_wconf 85' lang='lat' dir='ltr'>vocatur</span> <span class='ocrx_word' id='word_1_102' title='bbox 2050 2770 2325 2835; x_wconf 87' lang='lat' dir='ltr'>actionis</span> <span class='ocrx_word' id='word_1_103' title='bbox 2373 2770 2656 2853; x_wconf 87' lang='lat' dir='ltr'>accedat,</span> 
     </span>
     <span class='ocr_line' id='line_1_16' title="bbox 203 2876 2655 2961; baseline 0 -22"><span class='ocrx_word' id='word_1_104' title='bbox 203 2876 363 2941; x_wconf 88' lang='lat' dir='ltr'>illud</span> <span class='ocrx_word' id='word_1_105' title='bbox 412 2877 492 2941; x_wconf 90' lang='lat' dir='ltr'>ad</span> <span class='ocrx_word' id='word_1_106' title='bbox 541 2876 958 2961; x_wconf 88' lang='lat' dir='ltr'>adiectivum,</span> <span class='ocrx_word' id='word_1_107' title='bbox 1006 2899 1200 2961; x_wconf 89' lang='lat' dir='ltr'>quam</span> <span class='ocrx_word' id='word_1_108' title='bbox 1249 2878 1333 2941; x_wconf 92' lang='lat' dir='ltr'>ob</span> <span class='ocrx_word' id='word_1_109' title='bbox 1381 2898 1516 2940; x_wconf 91' lang='lat' dir='ltr'>rem</span> <span class='ocrx_word' id='word_1_110' title='bbox 1563 2876 1753 2939; x_wconf 91' lang='lat' dir='ltr'>multi</span> <span class='ocrx_word' id='word_1_111' title='bbox 1800 2878 1980 2960; x_wconf 90' lang='lat' dir='ltr'>sunt,</span> <span class='ocrx_word' id='word_1_112' title='bbox 2030 2876 2138 2961; x_wconf 93' lang='lat' dir='ltr'>qui</span> <span class='ocrx_word' id='word_1_113' title='bbox 2186 2876 2500 2959; x_wconf 89' lang='lat' dir='ltr'>siquidem</span> <span class='ocrx_word' id='word_1_114' title='bbox 2548 2898 2655 2941; x_wconf 87' lang='lat' dir='ltr'>ex-</span> 
     </span>
     <span class='ocr_line' id='line_1_17' title="bbox 205 2982 2653 3068; baseline -0 -21"><span class='ocrx_word' id='word_1_115' title='bbox 205 2983 499 3065; x_wconf 86' lang='lat' dir='ltr'>ponenda</span> <span class='ocrx_word' id='word_1_116' title='bbox 545 2986 645 3047; x_wconf 86' lang='lat' dir='ltr'>est</span> <span class='ocrx_word' id='word_1_117' title='bbox 687 2983 871 3047; x_wconf 89' lang='lat' dir='ltr'>notio</span> <span class='ocrx_word' id='word_1_118' title='bbox 917 2983 1273 3068; x_wconf 89' lang='lat' dir='ltr'>participii,</span> <span class='ocrx_word' id='word_1_119' title='bbox 1318 2983 1498 3048; x_wconf 88' lang='lat' dir='ltr'>verbi</span> <span class='ocrx_word' id='word_1_120' title='bbox 1545 2982 1869 3066; x_wconf 88' lang='lat' dir='ltr'>quandam</span> <span class='ocrx_word' id='word_1_121' title='bbox 1917 3004 2057 3047; x_wconf 87' lang='lat' dir='ltr'>esse</span> <span class='ocrx_word' id='word_1_122' title='bbox 2104 2982 2325 3047; x_wconf 87' lang='lat' dir='ltr'>dicant</span> <span class='ocrx_word' id='word_1_123' title='bbox 2370 2983 2653 3047; x_wconf 87' lang='lat' dir='ltr'>formam</span> 
     </span>
     <span class='ocr_line' id='line_1_18' title="bbox 209 3087 2655 3172; baseline 0.001 -21"><span class='ocrx_word' id='word_1_124' title='bbox 209 3089 502 3152; x_wconf 88' lang='lat' dir='ltr'>adiectivi</span> <span class='ocrx_word' id='word_1_125' title='bbox 575 3090 783 3153; x_wconf 87' lang='lat' dir='ltr'>instar</span> <span class='ocrx_word' id='word_1_126' title='bbox 858 3092 1250 3172; x_wconf 83' lang='lat' dir='ltr'>usurpatam.</span> <span class='ocrx_word' id='word_1_127' title='bbox 1364 3089 1487 3153; x_wconf 87' lang='lat' dir='ltr'>hac</span> <span class='ocrx_word' id='word_1_128' title='bbox 1550 3111 1627 3153; x_wconf 82' lang='lat' dir='ltr'>ex</span> <span class='ocrx_word' id='word_1_129' title='bbox 1703 3088 1945 3172; x_wconf 90' lang='lat' dir='ltr'>duplici</span> <span class='ocrx_word' id='word_1_130' title='bbox 2019 3087 2348 3171; x_wconf 91' lang='lat' dir='ltr'>participii</span> <span class='ocrx_word' id='word_1_131' title='bbox 2420 3093 2655 3153; x_wconf 86' lang='lat' dir='ltr'>natura</span> 
     </span>
     <span class='ocr_line' id='line_1_19' title="bbox 215 3194 2653 3286; baseline 0.002 -31"><span class='ocrx_word' id='word_1_132' title='bbox 215 3194 406 3256; x_wconf 87' lang='lat' dir='ltr'>etiam</span> <span class='ocrx_word' id='word_1_133' title='bbox 463 3194 619 3257; x_wconf 89' lang='lat' dir='ltr'>illud</span> <span class='ocrx_word' id='word_1_134' title='bbox 684 3216 1065 3286; x_wconf 81' lang='lat' dir='ltr'>cognoscaS,</span> <span class='ocrx_word' id='word_1_135' title='bbox 1131 3217 1244 3259; x_wconf 92' lang='lat' dir='ltr'>cur</span> <span class='ocrx_word' id='word_1_136' title='bbox 1308 3194 1876 3260; x_wconf 88' lang='lat' dir='ltr'>commentationis</span> <span class='ocrx_word' id='word_1_137' title='bbox 1953 3200 2215 3259; x_wconf 88' lang='lat' dir='ltr'>nostrae</span> <span class='ocrx_word' id='word_1_138' title='bbox 2278 3198 2495 3279; x_wconf 88' lang='lat' dir='ltr'>partes</span> <span class='ocrx_word' id='word_1_139' title='bbox 2560 3196 2653 3260; x_wconf 88' lang='lat' dir='ltr'>ita</span> 
     </span>
     <span class='ocr_line' id='line_1_20' title="bbox 213 3297 2655 3387; baseline 0.002 -27"><span class='ocrx_word' id='word_1_140' title='bbox 213 3297 562 3381; x_wconf 86' lang='lat' dir='ltr'>dispositae</span> <span class='ocrx_word' id='word_1_141' title='bbox 637 3300 792 3384; x_wconf 85' lang='lat' dir='ltr'>sint,</span> <span class='ocrx_word' id='word_1_142' title='bbox 862 3306 936 3375; x_wconf 86' lang='lat' dir='ltr'>ut</span> <span class='ocrx_word' id='word_1_143' title='bbox 999 3302 1126 3365; x_wconf 91' lang='lat' dir='ltr'>duo</span> <span class='ocrx_word' id='word_1_144' title='bbox 1191 3301 1543 3386; x_wconf 86' lang='lat' dir='ltr'>peculiaria</span> <span class='ocrx_word' id='word_1_145' title='bbox 1611 3302 1828 3385; x_wconf 88' lang='lat' dir='ltr'>capita</span> <span class='ocrx_word' id='word_1_146' title='bbox 1893 3301 2397 3387; x_wconf 85' lang='lat' dir='ltr'>distinguantur,</span> <span class='ocrx_word' id='word_1_147' title='bbox 2461 3305 2655 3385; x_wconf 91' lang='lat' dir='ltr'>prout</span> 
     </span>
     <span class='ocr_line' id='line_1_21' title="bbox 213 3392 1647 3489; baseline 0.001 -20"><span class='ocrx_word' id='word_1_148' title='bbox 213 3404 428 3489; x_wconf 89' lang='lat' dir='ltr'>agitur</span> <span class='ocrx_word' id='word_1_149' title='bbox 475 3405 552 3469; x_wconf 90' lang='lat' dir='ltr'>de</span> <span class='ocrx_word' id='word_1_150' title='bbox 600 3406 666 3469; x_wconf 87' lang='lat' dir='ltr'>vi</span> <span class='ocrx_word' id='word_1_151' title='bbox 715 3407 1055 3489; x_wconf 89' lang='lat' dir='ltr'>nominali,</span> <span class='ocrx_word' id='word_1_152' title='bbox 1101 3413 1213 3471; x_wconf 87' lang='lat' dir='ltr'>aut</span> <span class='ocrx_word' id='word_1_153' title='bbox 1259 3408 1336 3473; x_wconf 89' lang='lat' dir='ltr'>de</span> <span class='ocrx_word' id='word_1_154' title='bbox 1385 3392 1647 3472; x_wconf 86' lang='lat' dir='ltr'>verbali.</span> 
     </span>
    </p>

    <p class='ocr_par' dir='ltr' id='par_1_6' title="bbox 211 3510 2653 4019">
     <span class='ocr_line' id='line_1_22' title="bbox 386 3510 2651 3597; baseline 0.002 -22"><span class='ocrx_word' id='word_1_155' title='bbox 386 3510 477 3575; x_wconf 91' lang='lat' dir='ltr'>At</span> <span class='ocrx_word' id='word_1_156' title='bbox 521 3518 730 3576; x_wconf 77' lang='lat' dir='ltr'>unum·</span> <span class='ocrx_word' id='word_1_157' title='bbox 771 3515 873 3577; x_wconf 87' lang='lat' dir='ltr'>est</span> <span class='ocrx_word' id='word_1_158' title='bbox 916 3512 1086 3596; x_wconf 88' lang='lat' dir='ltr'>quod</span> <span class='ocrx_word' id='word_1_159' title='bbox 1133 3514 1492 3578; x_wconf 86' lang='lat' dir='ltr'>accuratius</span> <span class='ocrx_word' id='word_1_160' title='bbox 1533 3514 1979 3597; x_wconf 88' lang='lat' dir='ltr'>explicandum</span> <span class='ocrx_word' id='word_1_161' title='bbox 2019 3535 2155 3577; x_wconf 88' lang='lat' dir='ltr'>esse</span> <span class='ocrx_word' id='word_1_162' title='bbox 2203 3514 2473 3579; x_wconf 85' lang='lat' dir='ltr'>videtur.</span> <span class='ocrx_word' id='word_1_163' title='bbox 2538 3536 2651 3579; x_wconf 89' lang='lat' dir='ltr'>no-</span> 
     </span>
     <span class='ocr_line' id='line_1_23' title="bbox 215 3617 2653 3704; baseline 0.001 -23"><span class='ocrx_word' id='word_1_164' title='bbox 215 3617 382 3683; x_wconf 88' lang='lat' dir='ltr'>mine</span> <span class='ocrx_word' id='word_1_165' title='bbox 439 3620 609 3683; x_wconf 92' lang='lat' dir='ltr'>enim</span> <span class='ocrx_word' id='word_1_166' title='bbox 664 3619 992 3703; x_wconf 87' lang='lat' dir='ltr'>participii</span> <span class='ocrx_word' id='word_1_167' title='bbox 1046 3622 1248 3686; x_wconf 91' lang='lat' dir='ltr'>multo</span> <span class='ocrx_word' id='word_1_168' title='bbox 1305 3622 1490 3704; x_wconf 92' lang='lat' dir='ltr'>plura</span> <span class='ocrx_word' id='word_1_169' title='bbox 1547 3620 2147 3704; x_wconf 89' lang='lat' dir='ltr'>comprehendimus</span> <span class='ocrx_word' id='word_1_170' title='bbox 2157 3670 2175 3704; x_wconf 90' lang='lat'>,</span> <span class='ocrx_word' id='word_1_171' title='bbox 2240 3643 2431 3704; x_wconf 92' lang='lat' dir='ltr'>quam</span> <span class='ocrx_word' id='word_1_172' title='bbox 2490 3641 2653 3704; x_wconf 90' lang='lat' dir='ltr'>quae</span> 
     </span>
     <span class='ocr_line' id='line_1_24' title="bbox 214 3714 2653 3812; baseline 0.001 -25"><span class='ocrx_word' id='word_1_173' title='bbox 214 3723 331 3787; x_wconf 89' lang='lat' dir='ltr'>hac</span> <span class='ocrx_word' id='word_1_174' title='bbox 376 3747 532 3789; x_wconf 85' lang='lat' dir='ltr'>voce</span> <span class='ocrx_word' id='word_1_175' title='bbox 579 3726 772 3809; x_wconf 85' lang='lat' dir='ltr'>vulgo</span> <span class='ocrx_word' id='word_1_176' title='bbox 819 3714 1118 3810; x_wconf 72' lang='lat' dir='ltr'>intellegi</span> <span class='ocrx_word' id='word_1_177' title='bbox 1164 3728 1390 3792; x_wconf 87' lang='lat' dir='ltr'>solent.</span> <span class='ocrx_word' id='word_1_178' title='bbox 1463 3749 1615 3791; x_wconf 86' lang='lat' dir='ltr'>nam</span> <span class='ocrx_word' id='word_1_179' title='bbox 1665 3726 2049 3811; x_wconf 87' lang='lat' dir='ltr'>gerundium</span> <span class='ocrx_word' id='word_1_180' title='bbox 2100 3749 2351 3811; x_wconf 91' lang='lat' dir='ltr'>quoque</span> <span class='ocrx_word' id='word_1_181' title='bbox 2396 3726 2653 3812; x_wconf 88' lang='lat' dir='ltr'>partici-</span> 
     </span>
     <span class='ocr_line' id='line_1_25' title="bbox 211 3830 2651 3917; baseline 0.002 -25"><span class='ocrx_word' id='word_1_182' title='bbox 211 3830 382 3912; x_wconf 88' lang='lat' dir='ltr'>pium</span> <span class='ocrx_word' id='word_1_183' title='bbox 439 3834 563 3910; x_wconf 90' lang='lat' dir='ltr'>est‚</span> <span class='ocrx_word' id='word_1_184' title='bbox 625 3832 797 3915; x_wconf 89' lang='lat' dir='ltr'>quod</span> <span class='ocrx_word' id='word_1_185' title='bbox 851 3832 1173 3896; x_wconf 88' lang='lat' dir='ltr'>formatur</span> <span class='ocrx_word' id='word_1_186' title='bbox 1220 3855 1296 3896; x_wconf 85' lang='lat' dir='ltr'>ex</span> <span class='ocrx_word' id='word_1_187' title='bbox 1343 3832 1575 3897; x_wconf 79' lang='lat' dir='ltr'>suffixo</span> <span class='ocrx_word' id='word_1_188' title='bbox 1624 3833 1865 3917; x_wconf 90' lang='lat' dir='ltr'>duplici</span> <span class='ocrx_word' id='word_1_189' title='bbox 1910 3836 2155 3913; x_wconf 56' lang='lat' dir='ltr'>mre-do,</span> <span class='ocrx_word' id='word_1_190' title='bbox 2202 3834 2425 3912; x_wconf 75' lang='lat' dir='ltr'>-en-d0‚</span> <span class='ocrx_word' id='word_1_191' title='bbox 2473 3834 2651 3899; x_wconf 89' lang='lat' dir='ltr'>cuius</span> 
     </span>
     <span class='ocr_line' id='line_1_26' title="bbox 211 3936 1312 4019; baseline 0.003 -20"><span class='ocrx_word' id='word_1_192' title='bbox 211 3936 535 4019; x_wconf 85' lang='lat' dir='ltr'>primitiva</span> <span class='ocrx_word' id='word_1_193' title='bbox 579 3936 787 4002; x_wconf 90' lang='lat' dir='ltr'>forma</span> <span class='ocrx_word' id='word_1_194' title='bbox 833 3942 972 4002; x_wconf 90' lang='lat' dir='ltr'>erat</span> <span class='ocrx_word' id='word_1_195' title='bbox 1016 3936 1312 4019; x_wconf 79' lang='lat' dir='ltr'>-an-da.¹)</span> 
     </span>
    </p>

    <p class='ocr_par' dir='ltr' id='par_1_7' title="bbox 214 4042 2651 4344">
     <span class='ocr_line' id='line_1_27' title="bbox 381 4042 2649 4130; baseline 0.001 -24"><span class='ocrx_word' id='word_1_196' title='bbox 381 4042 660 4107; x_wconf 88' lang='lat' dir='ltr'>Etiamsi</span> <span class='ocrx_word' id='word_1_197' title='bbox 695 4067 829 4109; x_wconf 91' lang='lat' dir='ltr'>non</span> <span class='ocrx_word' id='word_1_198' title='bbox 867 4048 1151 4109; x_wconf 86' lang='lat' dir='ltr'>exstaret</span> <span class='ocrx_word' id='word_1_199' title='bbox 1187 4045 1594 4129; x_wconf 90' lang='lat' dir='ltr'>gerundium,</span> <span class='ocrx_word' id='word_1_200' title='bbox 1642 4045 1755 4109; x_wconf 87' lang='lat' dir='ltr'>illa</span> <span class='ocrx_word' id='word_1_201' title='bbox 1802 4046 2031 4109; x_wconf 86' lang='lat' dir='ltr'>suffixa</span> <span class='ocrx_word' id='word_1_202' title='bbox 2068 4044 2337 4109; x_wconf 89' lang='lat' dir='ltr'>Latinae</span> <span class='ocrx_word' id='word_1_203' title='bbox 2384 4046 2649 4130; x_wconf 85' lang='lat' dir='ltr'>linguae</span> 
     </span>
     <span class='ocr_line' id='line_1_28' title="bbox 215 4148 2651 4235; baseline 0.002 -25"><span class='ocrx_word' id='word_1_204' title='bbox 215 4169 344 4211; x_wconf 88' lang='lat' dir='ltr'>esse</span> <span class='ocrx_word' id='word_1_205' title='bbox 399 4148 585 4213; x_wconf 89' lang='lat' dir='ltr'>facile</span> <span class='ocrx_word' id='word_1_206' title='bbox 641 4150 1074 4215; x_wconf 88' lang='lat' dir='ltr'>demonstrari</span> <span class='ocrx_word' id='word_1_207' title='bbox 1130 4156 1378 4233; x_wconf 86' lang='lat' dir='ltr'>posset,</span> <span class='ocrx_word' id='word_1_208' title='bbox 1443 4174 1597 4216; x_wconf 89' lang='lat' dir='ltr'>nam</span> <span class='ocrx_word' id='word_1_209' title='bbox 1656 4152 1819 4216; x_wconf 87' lang='lat' dir='ltr'>aliae</span> <span class='ocrx_word' id='word_1_210' title='bbox 1877 4156 2025 4215; x_wconf 88' lang='lat' dir='ltr'>sunt</span> <span class='ocrx_word' id='word_1_211' title='bbox 2082 4152 2359 4234; x_wconf 86' lang='lat' dir='ltr'>formae,</span> <span class='ocrx_word' id='word_1_212' title='bbox 2418 4152 2651 4235; x_wconf 91' lang='lat' dir='ltr'>quibus</span> 
     </span>
     <span class='ocr_line' id='line_1_29' title="bbox 214 4254 2256 4344; baseline 0.003 -29"><span class='ocrx_word' id='word_1_213' title='bbox 214 4254 646 4338; x_wconf 86' lang='lat' dir='ltr'>continentur,</span> <span class='ocrx_word' id='word_1_214' title='bbox 694 4256 861 4320; x_wconf 91' lang='lat' dir='ltr'>sicut</span> <span class='ocrx_word' id='word_1_215' title='bbox 906 4258 1250 4344; x_wconf 55' lang='lat' dir='ltr'>lan-‘tm-da,</span> <span class='ocrx_word' id='word_1_216' title='bbox 1297 4260 1711 4342; x_wconf 75' lang='lat' dir='ltr'>rot-un-du-s,</span> <span class='ocrx_word' id='word_1_217' title='bbox 1754 4259 2256 4322; x_wconf 75' lang='lat' dir='ltr'>mhi-c-un—du-S.</span> 
     </span>
    </p>
   </div>
   <div class='ocr_carea' id='block_1_5' title="bbox 215 4397 628 4405">
    <p class='ocr_par' dir='ltr' id='par_1_8' title="bbox 215 4397 628 4405">
     <span class='ocr_line' id='line_1_30' title="bbox 215 4397 628 4405; baseline 0 830"><span class='ocrx_word' id='word_1_218' title='bbox 215 4397 628 4405; x_wconf 95' lang='lat' dir='ltr'> </span> 
     </span>
    </p>
   </div>
   <div class='ocr_carea' id='block_1_6' title="bbox 215 4464 2650 4787">
    <p class='ocr_par' dir='ltr' id='par_1_9' title="bbox 215 4464 2650 4697">
     <span class='ocr_line' id='line_1_31' title="bbox 349 4464 2650 4547; baseline 0.002 -30"><span class='ocrx_word' id='word_1_219' title='bbox 349 4466 398 4533; x_wconf 89' lang='lat'>1)</span> <span class='ocrx_word' id='word_1_220' title='bbox 437 4464 546 4518; x_wconf 87' lang='lat' dir='ltr'>Cur</span> <span class='ocrx_word' id='word_1_221' title='bbox 583 4465 841 4519; x_wconf 83' lang='lat' dir='ltr'>suffixum</span> <span class='ocrx_word' id='word_1_222' title='bbox 881 4467 1040 4547; x_wconf 63' lang='lat' dir='ltr'>ern-ja</span> <span class='ocrx_word' id='word_1_223' title='bbox 1077 4484 1198 4521; x_wconf 84' lang='lat' dir='ltr'>esse</span> <span class='ocrx_word' id='word_1_224' title='bbox 1235 4484 1346 4521; x_wconf 90' lang='lat' dir='ltr'>non</span> <span class='ocrx_word' id='word_1_225' title='bbox 1383 4466 1587 4536; x_wconf 87' lang='lat' dir='ltr'>possit,</span> <span class='ocrx_word' id='word_1_226' title='bbox 1625 4467 1859 4523; x_wconf 83' lang='lat' dir='ltr'>Corssen</span> <span class='ocrx_word' id='word_1_227' title='bbox 1899 4466 2185 4537; x_wconf 69' lang='lat' dir='ltr'>(Beitriige</span> <span class='ocrx_word' id='word_1_228' title='bbox 2224 4486 2320 4521; x_wconf 87' lang='lat' dir='ltr'>zur</span> <span class='ocrx_word' id='word_1_229' title='bbox 2348 4466 2650 4522; x_wconf 81' lang='lat' dir='ltr'>Italischen</span> 
     </span>
     <span class='ocr_line' id='line_1_32' title="bbox 215 4550 2650 4626; baseline 0.003 -23"><span class='ocrx_word' id='word_1_230' title='bbox 215 4550 604 4620; x_wconf 85' lang='lat' dir='ltr'>Sprachkunde</span> <span class='ocrx_word' id='word_1_231' title='bbox 641 4573 695 4624; x_wconf 90' lang='lat' dir='ltr'>p.</span> <span class='ocrx_word' id='word_1_232' title='bbox 726 4559 851 4625; x_wconf 80' lang='lat'>589)</span> <span class='ocrx_word' id='word_1_233' title='bbox 891 4551 1086 4610; x_wconf 82' lang='lat' dir='ltr'>contra</span> <span class='ocrx_word' id='word_1_234' title='bbox 1115 4554 1366 4609; x_wconf 85' lang='lat' dir='ltr'>Curtium</span> <span class='ocrx_word' id='word_1_235' title='bbox 1395 4556 1491 4623; x_wconf 88' lang='lat' dir='ltr'>qui</span> <span class='ocrx_word' id='word_1_236' title='bbox 1526 4572 1675 4609; x_wconf 88' lang='lat' dir='ltr'>nunc</span> <span class='ocrx_word' id='word_1_237' title='bbox 1714 4558 1905 4626; x_wconf 85' lang='lat' dir='ltr'>(etym.</span> <span class='ocrx_word' id='word_1_238' title='bbox 1936 4556 2036 4611; x_wconf 84' lang='lat' dir='ltr'>el.⁵</span> <span class='ocrx_word' id='word_1_239' title='bbox 2071 4575 2124 4626; x_wconf 89' lang='lat' dir='ltr'>p.</span> <span class='ocrx_word' id='word_1_240' title='bbox 2157 4558 2284 4624; x_wconf 86' lang='grc'>664)</span> <span class='ocrx_word' id='word_1_241' title='bbox 2325 4555 2375 4608; x_wconf 89' lang='lat' dir='ltr'>ei</span> <span class='ocrx_word' id='word_1_242' title='bbox 2414 4556 2650 4610; x_wconf 80' lang='lat' dir='ltr'>assenti-</span> 
     </span>
     <span class='ocr_line' id='line_1_33' title="bbox 216 4640 2083 4697; baseline 0.009 -3"><span class='ocrx_word' id='word_1_243' title='bbox 216 4642 300 4694; x_wconf 86' lang='lat' dir='ltr'>tur</span> <span class='ocrx_word' id='word_1_244' title='bbox 335 4640 752 4697; x_wconf 86' lang='lat' dir='ltr'>demonstravit.</span> <span class='ocrx_word' id='word_1_245' title='bbox 2076 4651 2083 4659; x_wconf 72' lang='grc'><em>’</em></span> 
     </span>
    </p>

    <p class='ocr_par' dir='ltr' id='par_1_10' title="bbox 2154 4732 2227 4787">
     <span class='ocr_line' id='line_1_34' title="bbox 2154 4732 2227 4787; baseline 0 -22"><span class='ocrx_word' id='word_1_246' title='bbox 2154 4732 2227 4787; x_wconf 60' lang='lat'>10</span> 
     </span>
    </p>
   </div>
  </div>
 </body>
</html>
