3303 5235
1225 310 1520 380 Appendix
1556 310 1769 366 critica.
2598 315 2720 378 131

269 475 531 559 doctuS,
589 497 756 559 quae
811 497 1007 559 porro
1063 475 1273 560 pollui
1337 473 1662 558 dicantur,
1718 496 1794 540 ea
1848 475 1979 538 iam
2037 477 2227 538 antea
2279 476 2532 560 polluta
2587 500 2726 543 esse

266 582 530 664 debere,
599 579 876 646 Othonis
935 585 1151 646 autem
1207 581 1410 646 vitam
1471 582 1648 646 nullo
1714 581 1962 666 flagitio
2020 581 2315 646 affectam
2380 582 2583 648 fuisse
2648 609 2726 650 ex

259 688 412 771 ipso
472 688 700 752 Tacito
757 689 1032 773 elucere,
1098 711 1244 753 cum
1297 692 1638 752 narratum
1697 689 1783 752 sit
1838 686 2161 753 Othonem
2218 693 2409 754 antea
2463 691 2727 756 litera-

257 795 463 858 rium
519 795 776 860 ludum
833 795 1301 878 exercuisse,
1359 794 1525 879 quod
1583 817 1817 889 munus
1873 794 2171 861 dedecori
2226 820 2379 862 sane
2434 820 2566 862 11011
2622 799 2725 863 sit.

257 900 380 964 sed
435 901 599 966 haec
655 903 874 967 omnia
927 925 1096 967 vana
1161 905 1338 986 sunt,
1405 902 1596 966 debet
1651 903 1821 966 enim
1878 902 2121 986 opponi
2187 903 2511 982 Tacitum,
2576 927 2723 970 cum

253 1007 468 1072 verbo
524 1009 1080 1092 propolluebat
1137 1012 1382 1090 utatur,
1453 1030 1777 1073 summum
1824 1009 2076 1091 pondus
2125 1010 2420 1093 posuisse
2466 1012 2534 1075 in
2581 1036 2724 1078 ver-

252 1116 364 1179 bis
438 1115 763 1180 obscura
826 1116 1094 1196 initia,
1167 1116 1339 1200 quod
1403 1113 1831 1180 Woernerum
1896 1115 2140 1201 fugisse
2206 1116 2476 1183 videtur.
2578 1141 2722 1184 cum

249 1223 440 1286 enim
503 1222 692 1286 initia
752 1221 1030 1287 Othonis
1094 1223 1383 1287 obscura
1434 1226 1915 1306 nuncupentur,
1975 1223 2099 1287 hoc
2156 1223 2328 1288 idem
2384 1229 2483 1289 est
2535 1247 2609 1290 ac
2667 1226 2723 1289 si

251 1330 534 1394 Tacitus
595 1329 864 1394 dixisset
928 1329 999 1392 in
1067 1350 1362 1392 sermone
1430 1328 1767 1393 hominum
1835 1329 2113 1394 Othonis
2173 1330 2455 1412 priorem
2520 1333 2722 1398 vitam

243 1437 438 1520 iden,
489 1437 659 1521 quod
707 1437 984 1501 obscura
1030 1436 1144 1519 sit,
1204 1437 1376 1500 bona
1421 1435 1597 1500 fama
1644 1436 1943 1501 caruisse.
2027 1436 2193 1502 hanc
2248 1438 2450 1521 igitur
2502 1441 2720 1525 vitam,

244 1544 442 1609 cuius
511 1544 641 1607 iam
705 1543 894 1607 initia
946 1541 1320 1607 hominibus
1387 1542 1823 1625 suspicionem
1889 1549 2176 1628 movent,
2239 1546 2718 1630 impudentibus

243 1651 438 1715 ausis
488 1672 682 1734 porro
719 1650 1070 1735 polluebat.
1143 1653 1453 1733 ceterum,
1501 1649 1651 1733 quid
1691 1650 1979 1715 dicamus
2018 1651 2095 1715 de
2132 1651 2475 1717 Woerneri
2514 1658 2718 1718 muta-

241 1759 460 1840 tione,
507 1757 563 1821 si
600 1759 880 1822 rationes
920 1755 1496 1840 palaeographicas
1545 1758 2030 1840 respexerimus
2106 1759 2369 1824 minime
2409 1762 2577 1824 enim
2624 1762 2717 1826 in-

241 1865 622 1950 tellegitur,
687 1886 816 1949 quo
881 1866 1073 1946 pacto
1140 1885 1257 1946 pro
1318 1885 1556 1948 prope
1621 1866 2027 1930 occulebat
2090 1896 2165 1912 -·—-
2226 1867 2491 1932 vocibus
2560 1870 2717 1934 satis

240 1971 436 2036 notis
484 2009 572 2018 —-
618 1971 923 2037 librarius
971 1969 1204 2054 aliquis
1253 1971 1528 2035 scribere
1577 1972 1865 2055 potuerit
1908 1975 2487 2060 propolluebat,
2546 1977 2717 2060 quod

245 2079 535 2144 verbum
581 2101 901 2164 nusquam
951 2075 1106 2140 alibi
1152 2076 1538 2142 inveniatur.
1637 2101 1833 2162 quare
1877 2080 2112 2162 prioris
2161 2083 2715 2164 interpretationis

243 2185 696 2270 patrocinium
744 2183 1152 2250 sustinemus,

442 2301 620 2356 Vell.
657 2301 756 2369 11,
792 2301 918 2356 109
959 2291 1040 2355 ad
1079 2293 1118 2371 ἓ
1157 2292 1240 2355 21
1290 2291 1501 2381 nostri
1548 2291 1751 2355 libelli
1798 2291 2083 2356 referant
2128 2314 2387 2358 necesse
2436 2299 2560 2379 est,
2608 2300 2717 2381 qui

240 2397 638 2484 Madvigffl)
665 2399 1090 2463 mutationem
1120 2420 1394 2482 corpus
1425 2421 1642 2462 suum
1672 2399 2277 2465 custodientium
2308 2403 2713 2487 imperium

250 2507 660 2589 perpetuis
709 2528 811 2590 qu,
867 2527 916 2569 8.
961 2506 1262 2587 probant.
1336 2506 1446 2569 sed
1493 2506 2253 2593 accuratiusvideamuS,
2310 2533 2472 2594 quae
2519 2510 2713 2575 huius

263 2613 394 2677 loci
443 2612 615 2678 ratio
675 2612 777 2678 sit.
860 2611 1050 2677 lectio
1119 2611 1642 2677 Amerbachiana
1703 2617 2008 2697 corrupta
2064 2620 2188 2679 est:
2261 2638 2479 2697 corpus
2530 2638 2713 2683 suum

247 2721 540 2785 custodia
599 2726 730 2785 tum
788 2722 1134 2802 imperium.
1219 2742 1293 2783 ac
1355 2724 1580 2785 contra
1630 2720 1970 2805 Madvigii,
2034 2744 2223 2806 quem
2275 2723 2471 2788 Halm
2537 2749 2711 2792 secu-

242 2830 362 2891 tus
417 2830 544 2908 est,
596 2826 918 2892 rationem
961 2826 1156 2889 huius
1212 2827 1338 2891 lo'ci
1383 2827 1771 2891 restituendi
1824 2828 1949 2893 dici
1995 2832 2213 2912 potest
2258 2829 2577 2897 Velleium
2634 2812 2711 2897 dc

239 2932 547 2999 exercitu
573 2932 954 2998 Marobodui
983 2933 1176 3015 paulo
1207 2934 1475 2997 inferius
1506 2934 2111 3020 (exercitumque
2141 2958 2361 3019 quam
2402 2944 2712 3023 septua-

239 3042 490 3125 ginta
527 3090 541 3105 .
581 3089 595 3103 .
633 3092 646 3104 .
687 3091 700 3103 .
741 3062 976 3123 opera
1010 3038 1566 3127 praeparabat)
1605 3064 1895 3125 narrare,
1937 3042 2202 3107 ineunte
2244 3050 2459 3109 autem
2498 3049 2709 3132 capite

235 3148 322 3213 de
382 3146 642 3211 interno
698 3148 930 3212 robore
985 3148 1238 3232 imperii
1294 3148 1604 3213 disserere
1664 3148 1885 3213 videi-i.
1965 3171 2185 3234 porro,
2242 3150 2709 3235 disciplin‘ae

236 3258 582 3321 formam
629 3275 887 3319 sensum
925 3256 1292 3319 militaris
1339 3254 1815 3337 disciplinae
1862 3256 2102 3320 habere
2146 3278 2335 3339 posse
2373 3262 2705 3342 negaveri-

237 3384 430 3444 mus,
498 3360 668 3443 quod
733 3362 788 3425 si
855 3361 1130 3445 scriptor
1183 3361 1392 3426 dicere
1458 3362 1666 3426 voluit
1726 3384 1859 3426 non
1922 3362 2198 3440 forma,
2266 3364 2377 3427 sed
2441 3366 2707 3431 modus

237 3468 635 3551 disciplinae
693 3468 970 3533 scribere
1025 3470 1262 3554 debuit.
1353 3472 1453 3532 est
1509 3468 1683 3533 enim
1739 3469 2161 3552 disciplina
2216 3470 2585 3535 militaris
2641 3474 2707 3537 id

239 3564 433 3661 (111οᾶ
473 3574 817 3639 adhibetur
852 3578 954 3641 vel
985 3581 1328 3660 exercetur,
1368 3579 1436 3640 at
1472 3576 1528 3639 si
1555 3576 1700 3661 quis
1740 3576 1899 3641 dicit
1936 3576 2399 3660 disciplinae
2435 3579 2707 3664 forma,

235 3704 392 3746 non
441 3682 664 3747 subest
698 3684 878 3747 notio
917 3682 1288 3766 adhibendi,
1336 3683 1445 3747 sed
1495 3704 1623 3765 108,
1670 3683 1750 3746 de
1790 3704 1917 3766 qua
1955 3684 2170 3766 agitur
2208 3686 2283 3749 eo'
2322 3685 2493 3768 ipSO,
2532 3686 2703 3768 quod

239 3791 498 3871 exstat,
554 3788 618 3853 id
675 3789 1064 3871 assequitur,
1123 3790 1293 3873 quod
1351 3788 1518 3851 effici
1575 3810 1649 3851 ea
1707 3788 1914 3853 debet.
2007 3809 2162 3873 ergo
2232 3791 2286 3853 si
2355 3790 2705 3875 discipli-

245 3918 436 3960 nam
500 3895 883 3961 vocabulum
958 3900 1261 3979 putamus
1336 3894 1698 3977 praeditum
1772 3917 1911 3960 esse
1987 3917 2179 3959 8011811
2242 3896 2705 3981 disciplinae

240 4002 656 4085 militaris,
724 4000 1246 4085 kriegszucht,
1324 4001 1451 4064 dici
1526 4000 1747 4065 debuit
1819 4023 1858 4064 a
1922 4000 2170 4065 Velleio
2246 4004 2705 4087 disciplinae

245 4108 522 4172 modus
597 4109 696 4171 vel
761 4107 934 4171 aliud
1001 4107 1356 4191 quidpiam,
1423 4108 1532 4171 sed
1599 4107 1781 4171 disc.
1846 4108 2093 4171 forma
2154 4109 2317 4173 1111111
2383 4113 2511 4193 est,
2576 4112 2703 4176 nisi

241 4215 682 4300 disciplina
740 4215 1143 4299 intellegitur
1197 4236 1387 4277 sensu
1445 4213 2169 4279 administrationis
2227 4218 2327 4280 vel
2382 4216 2704 4283 institu-

241 4322 534 4400 tionis,
600 4321 1130 4405 einrichtung,
1204 4342 1358 4383 nam
1421 4320 1761 4403 disciplina
1826 4320 2124 4385 militaris
2186 4326 2360 4386 certo
2426 4324 2704 4407 quodam

407 4572 455 4638 1)
496 4567 576 4623 Cf.
616 4567 809 4622 Halm:
848 4567 1033 4622 Ueber
1069 4566 1328 4635 Madvigs
1367 4567 1788 4635 Vermutungen
1824 4586 1891 4620 zu
1927 4566 2175 4621 Velleius
2204 4567 2557 4637 Paterculus‚
2596 4570 2702 4623 Va-

239 4659 427 4715 lerius
463 4656 740 4711 Maximus
776 4657 891 4711 und
927 4655 1185 4722 Tacitae,
1223 4654 1415 4709 Jahrb.
1455 4655 1492 4709 f.
1533 4654 1671 4723 phil.
1710 4674 1761 4708 11.
1802 4656 1928 4725 pad.
1972 4655 2115 4724 CIX,
2152 4676 2205 4725 p.
2246 4664 2365 4712 397.

2208 4746 2280 4799 9*
