3303 5235
924 340 1005 394 De
1043 339 1468 410 participiorum
1506 359 1607 395 usu
1645 341 2044 410 praedicativo.
2626 345 2712 406 85

261 525 501 587 ponas:
540 502 900 586 quosdam
940 502 1092 586 ipsi
1131 502 1504 588 manipuli
1543 504 2051 570 declarandae
2089 506 2279 570 fidei
2318 506 2709 576 tradidere

247 589 324 673 'et
363 610 516 673 hist.
552 609 666 694 IV,
703 609 790 673 25
836 632 953 693 pro
1002 615 1132 675 tum
1167 633 1199 674 e
1241 611 1545 676 seditiosis
1590 633 1787 676 unum
1822 613 2048 677 vinciri
2091 613 2255 678 iubet
2288 615 2487 696 magis
2530 635 2710 678 usur-

235 718 455 798 pandi
500 718 662 780 iuris
705 737 894 797 quam
938 717 1089 810 quia
1123 718 1314 781 unius
1351 718 1531 799 culpa
1573 716 1704 798 fuit
1744 739 1978 801 ponas:
2028 741 2061 782 e
2110 719 2519 783 seditiosis
2560 768 2574 783 .
2605 768 2619 783 .
2650 770 2662 783 .
2695 769 2709 782 .

249 824 506 908 magis
551 824 1132 907 usurpationem
1181 824 1375 889 iuris
1422 845 1642 908 quam
1692 848 1804 910 qu.
1853 848 2007 909 squ.

439 928 593 994 Sine
656 930 792 994 ulla
845 931 1045 1015 igitur
1101 930 1502 996 dubitatione
1559 934 1831 1015 utraque
1898 934 2221 998 structura
2294 954 2513 1016 parem
2574 933 2707 997 vim

246 1059 411 1122 prae
460 1059 528 1100 se
573 1038 719 1121 fert,
764 1059 881 1102 nec
928 1037 1138 1102 minus
1176 1039 1418 1102 clarum
1467 1042 1567 1102 est
1602 1060 1715 1102 cur
1760 1039 2102 1122 scriptores
2151 1040 2429 1124 genetivi
2476 1060 2708 1124 gerun—

249 1145 388 1209 divi
417 1147 810 1210 structuram
848 1145 1271 1229 praetulerint
1306 1145 1419 1209 ubi
1459 1149 1571 1210 aut
1606 1148 1815 1210 totum
1848 1146 2252 1211 enuntiatum
2284 1146 2709 1229 appositionis

249 1255 323 1314 in
380 1251 588 1316 vicem
649 1253 835 1336 fungi
892 1273 1055 1336 opus
1109 1251 1234 1316 fuit
1279 1254 1392 1316 aut
1436 1272 1673 1315 nomen
1722 1250 2147 1336 appositionis
2203 1272 2466 1335 prorsus
2522 1273 2706 1335 repu-

251 1358 417 1424 diari
464 1359 711 1444 debuit,
758 1358 907 1442 quia
953 1359 1273 1424 obiectum
1321 1357 1524 1422 defuit
1569 1359 1671 1422 cui
1718 1357 2095 1422 inhaereret.

434 1465 769 1549 Exemplis
817 1465 909 1530 sic
957 1467 1169 1530 allatis
1217 1469 1407 1549 atque
1455 1464 1801 1530 secundum
1860 1485 2094 1549 genera
2141 1465 2471 1548 dispositis
2518 1465 2706 1529 facile

253 1573 383 1638 erit
427 1572 512 1636 ad
557 1573 1058 1656 diiudicandum,
1106 1595 1294 1658 quem
1340 1574 1554 1658 locum
1593 1570 1939 1636 Sallustius
1988 1575 2052 1636 et
2088 1571 2373 1637 Velleius
2421 1575 2486 1635 et
2522 1572 2701 1636 Taci-

248 1685 359 1746 tus
406 1681 481 1743 in
529 1703 648 1744 usu
696 1679 808 1744 illo
864 1679 1165 1763 loquendi
1212 1678 1556 1744 excolendo
1605 1679 1972 1761 obtineant,
2029 1701 2157 1763 qua
2210 1679 2278 1742 in
2333 1699 2401 1742 re
2450 1676 2701 1742 Velleio

249 1810 472 1871 parva,
520 1786 828 1852 Sallustio
867 1807 1121 1872 magna,
1169 1786 1392 1851 Tacito
1441 1808 1693 1850 summa
1738 1786 1879 1849 laus
1917 1785 2259 1849 tribuenda
2297 1789 2411 1849 est.
2484 1785 2701 1849 nescio

249 1895 454 1972 enim,
511 1916 638 1978 quo
684 1898 874 1978 pacto
921 1894 1163 1958 fact'um
1215 1893 1324 1976 sit,
1381 1897 1454 1956 ut
1498 1891 1817 1976 VelleiuS,
1872 1913 2061 1976 quem
2116 1892 2375 1977 linguae
2431 1891 2701 1956 Latinae

249 2005 316 2066 et
372 2001 692 2066 novandis
756 2001 982 2066 formis
1040 2004 1106 2064 et
1168 2000 1380 2064 verbis
1436 1999 1833 2064 inveniendis
1894 2002 2029 2063 tam
2088 2019 2391 2082 magnam
2439 2021 2701 2082 operam

248 2131 524 2173 navasse
573 2111 850 2194 constat,
904 2109 971 2172 in
1015 2108 1186 2172 hanc
1241 2111 1492 2190 partem
1540 2129 1696 2171 suae
1752 2107 1982 2180 aetatis
2030 2107 2450 2190 scriptoribus
2498 2129 2701 2171 cesse-

249 2216 352 2280 rit.
425 2237 580 2279 nam
627 2237 826 2296 unum
873 2213 1323 2279 tantummodo
1367 2214 1732 2297 exemplum
1782 2213 1860 2276 ad
1908 2235 2092 2277 usum
2142 2214 2325 2277 illum
2371 2214 2700 2278 illustran-

256 2321 402 2386 dum
451 2322 736 2405 praebet.
822 2322 1256 2406 exemplorum
1313 2343 1477 2405 quae
1545 2319 1853 2386 Sallustio
1909 2320 2211 2384 debemus
2280 2324 2486 2388 maior
2540 2346 2693 2407 pars

253 2452 330 2491 ex
383 2429 801 2493 historiarum
853 2429 1234 2513 fragmentis
1291 2431 1549 2510 sumpta
1605 2431 1731 2510 est3
1796 2430 1987 2512 atque
2044 2428 2167 2492 hoc
2221 2429 2367 2493 inde
2424 2438 2697 2516 apparet

265 2535 436 2616 quod
475 2535 537 2599 in
579 2535 873 2600 historiis
920 2537 1174 2600 demum
1223 2534 1511 2600 Sallustii
1561 2556 1665 2598 ars
1713 2532 1962 2598 dicendi
2019 2535 2099 2598 ad
2147 2557 2469 2602 summum
2516 2561 2697 2624 prae—

256 2642 526 2707 stantiae
598 2643 871 2729 gradum
939 2644 1256 2727 pervenit,
1327 2664 1522 2726 quare
1585 2641 1739 2726 quid
1807 2642 2146 2707 discrimen
2214 2644 2471 2710 intersit
2529 2647 2700 2712 inter

245 2748 558 2814 historias
605 2756 670 2814 et
716 2756 928 2815 cetera
974 2748 1266 2815 Sallustii
1313 2749 1552 2833 scripta
1585 2748 1914 2814 .facillime
1962 2771 2312 2835 cognosces
2323 2803 2341 2836 ,
2397 2752 2478 2837 si,
2537 2776 2697 2838 quae

245 2857 417 2920 ratio
473 2858 832 2923 intercedat
885 2858 1056 2923 inter
1100 2856 1308 2920 Taciti
1350 2856 1657 2920 historias
1706 2858 1771 2920 et
1820 2857 2111 2941 annaleS,
2164 2858 2430 2924 eandem
2488 2862 2697 2927 valere

245 2964 418 3027 inter
463 2962 755 3028 Sallustii
807 2963 1113 3028 historias
1171 2964 1506 3045 ceteraque
1563 2962 1701 3025 eius
1758 2963 1997 3045 scripta
2054 2966 2374 3032 statueris.
2453 2974 2696 3052 quanto

247 3070 522 3153 denique
581 3070 825 3156 ingenii
871 3071 1163 3135 acumine
1224 3068 1487 3143 Tacitus
1543 3067 1739 3131 fuerit
1782 3069 1851 3133 in
1907 3068 2009 3133 his
2064 3069 2289 3135 formis
2348 3077 2415 3136 et
2470 3077 2696 3161 ampli-

245 3177 516 3241 ficandis
564 3180 629 3241 et
672 3176 997 3242 variandis
1043 3176 1161 3260 ita,
1222 3179 1292 3239 ut
1335 3178 1560 3240 nostra
1603 3173 1861 3238 demum
1910 3177 2121 3241 aetate
2162 3179 2562 3261 exploratum
2611 3184 2697 3247 sit

245 3306 446 3348 unum
495 3284 756 3351 subesse
811 3284 1052 3347 idioma
1096 3284 1286 3368 idque
1336 3270 1887 3367 simplicissimum
1936 3286 1999 3346 et
2046 3305 2191 3347 vere
2239 3284 2570 3368 Latinum,
2618 3312 2695 3353 ex

246 3394 552 3455 accurata
589 3391 1023 3475 exemplorum
1069 3390 1568 3476 perlustratione
1605 3390 1973 3474 perspiciaS,
2022 3412 2293 3474 quorum
2340 3395 2477 3457 tam
2515 3396 2695 3460 varia

244 3519 486 3583 genera
539 3501 802 3582 tamque
856 3497 1059 3562 libera
1115 3519 1254 3561 esse
1307 3496 1542 3581 voluit,
1608 3499 1683 3559 ut
1738 3495 1957 3559 omnia
2013 3519 2177 3581 quae
2242 3502 2693 3567 antecedentes

247 3604 593 3688 scriptores
621 3608 1122 3689 procreaverunt
1153 3606 1520 3687 complexus
1551 3604 1656 3687 sit,
1693 3602 2013 3686 permulta
2048 3603 2185 3687 ipse
2216 3608 2693 3692 excogitaverit.
2742 3594 2745 3599 ¹

247 3716 530 3775 ceterum
579 3712 749 3797 quod
798 3733 1262 3795 nonnunquam
1309 3712 1378 3774 in
1423 3734 1541 3775 usu
1583 3714 2077 3795 structurarum,
2119 3733 2283 3795 quae
2321 3735 2691 3797 expressum

244 3822 360 3882 aut
396 3817 707 3883 novitatis
755 3822 868 3883 aut
905 3817 1208 3882 audaciae
1249 3817 1504 3903 signum
1549 3838 1703 3901 prae
1752 3840 1819 3881 se
1865 3818 2111 3901 ferunt,
2158 3819 2487 3884 observari
2526 3823 2691 3907 licet,

241 3926 442 3989 etiam
491 3925 596 3989 hic
642 3925 875 3989 mirum
921 3925 990 3989 in
1028 3924 1586 3989 modumaccidit:
1632 3923 1925 3989 videmus
1972 3926 2171 4009 enim,
2217 3926 2286 3989 in
2335 3928 2691 3993 minoribus

244 4054 410 4115 quae
480 4035 795 4095 vocantur
861 4030 1116 4115 scriptis
1182 4029 1480 4094 Tacitum
1545 4031 2069 4097 insolentioribus
2135 4034 2471 4100 structuris
2482 4085 2499 4118 ,
2562 4036 2691 4100 nisi

242 4139 532 4222 priorum
581 4160 700 4202 usu
747 4138 875 4201 iam
931 4141 1124 4201 notae
1173 4140 1383 4220 erant,
1431 4138 1803 4202 cautissime
1852 4139 2201 4221 abstinere,
2260 4144 2328 4204 at
2374 4140 2442 4203 in
2489 4141 2688 4206 histo-

239 4246 359 4310 riis
407 4266 673 4331 magno,
718 4245 786 4309 in
833 4245 1172 4309 annalibus
1223 4244 1535 4329 singulari
1585 4245 1799 4309 studio
1842 4245 2303 4311 audacissimas
2351 4252 2415 4311 et
2461 4248 2540 4311 ad
2588 4272 2689 4313 ex-

239 4352 612 4436 plicandum
669 4352 1082 4416 difficillimas
1139 4339 1494 4416 admittere.
1586 4352 1827 4435 optime
1882 4353 2081 4437 igitur
2136 4353 2331 4417 etiam
2386 4354 2509 4420 hoc
2570 4379 2689 4420 usu

241 4458 403 4522 ordo
451 4458 836 4541 scriptorum
884 4480 1068 4542 quem
1117 4456 1448 4523 Woelfflin
1497 4459 1836 4523 constituit
1880 4460 2321 4525 confirmatur:
2376 4462 2689 4547 dialoguS,

243 4564 578 4649 Agricola,
628 4563 996 4649 Germania,
1039 4564 1375 4648 historiae,
1422 4566 1704 4630 annales
