3303 5235
525 338 607 399 12
1619 336 1801 406 Caput
1836 338 1877 392 I.

523 503 606 565 10
641 502 866 582 paucis
907 502 1330 582 familiarium
1383 500 1681 566 adhibitis
1724 502 1932 564 minas
1983 501 2409 564 accusantium
2450 502 2645 564 audit.
2718 499 2836 583 III,
2883 501 2972 562 27

515 608 700 672 Sulla
753 609 1012 672 dictator
1066 608 1313 672 abolitis
1365 609 1456 672 vel
1509 609 1810 673 conversis
1852 607 2173 689 primibus
2218 656 2232 671 .
2272 654 2288 670 .
2326 656 2340 671 .
2380 656 2395 670 .
2449 608 2643 670 otium
2696 608 2826 672 eius
2878 609 2977 670 rei

515 714 688 778 haud
729 715 797 779 in
845 716 1092 796 lonqum
1127 715 1400 796 paravit.
1456 713 1579 795 III,
1623 713 1709 778 56
1762 715 2043 778 Tiberius
2081 713 2264 793 fama
2308 713 2743 778 moderationis
2774 718 2979 794 parta

519 872 531 884 .
571 870 585 885 .
625 871 638 884 .
681 821 939 902 petebat.
1020 820 1119 884 III
1129 871 1145 904 ,
1201 820 1285 885 59
1346 820 1630 884 Tiberius
1681 821 1881 884 dilata
1925 821 2170 884 notione
2222 821 2295 884 dc
2348 821 2484 884 iure
2535 819 2819 900 flaminis
2872 821 2975 882 de-

516 932 710 992 cretas
757 978 770 991 .
811 977 824 990 .
862 976 876 991 .
916 976 931 990 .
985 928 1396 992 caeremonias
1451 927 1822 1008 temperavit.
1905 925 2004 990 III
2015 975 2032 1009 ,
2080 927 2164 990 63
2222 925 2588 990 Consulibus
2636 925 2977 1006 permisere

518 1039 590 1098 ut
634 1039 942 1116 perspecto
995 1035 1131 1098 iure
1177 1083 1192 1097 .
1230 1084 1245 1098 .
1284 1083 1299 1099 .
1344 1053 1474 1098 rem
1528 1034 1833 1114 inteqram
1876 1053 2129 1098 rursum
2182 1033 2269 1096 ad
2318 1037 2601 1096 senatum
2659 1033 2973 1112 referrent.

519 1139 644 1222 III,
689 1141 773 1204 69
837 1141 1152 1222 increpitis
1209 1138 1275 1204 C.
1329 1138 1541 1204 Silani
1598 1140 1871 1204 moribus
1928 1140 2171 1203 addidit
2257 1138 2385 1223 III,
2448 1140 2530 1203 73
2595 1139 2973 1218 Tacfarinas

628 1295 642 1310 .
679 1295 694 1312 .
739 1248 1048 1327 reparatis
1079 1267 1198 1328 per
1240 1247 1468 1310 intima
1503 1246 1765 1326 Africae
1807 1247 2067 1310 auxiliis
2110 1245 2227 1309 huc
2270 1246 2666 1327 arroyantiae
2708 1250 2971 1308 venerat.

519 1352 644 1435 III,
693 1355 728 1417 7
735 1354 778 1416 4
832 1354 1019 1417 donec
1066 1354 1266 1433 fratre
1309 1355 1441 1417 eius
1486 1357 1661 1434 capto
1714 1373 2021 1436 regressus
2062 1357 2165 1417 est.
2247 1351 2361 1436 IV,
2409 1353 2449 1416 3
2504 1373 2692 1434 neque
2732 1352 2971 1432 femina

519 1461 754 1524 amissa
787 1461 1098 1540 pudicitia
1143 1459 1276 1524 alia
1321 1460 1619 1524 abnuerit.
1700 1458 1817 1543 IV,
1862 1459 1948 1522 22
2004 1479 2146 1524 reus
2184 1459 2429 1539 frustra
2476 1463 2761 1540 temptato
2800 1459 2970 1539 ferro

519 1587 705 1630 venas
737 1567 1030 1647 praebuit
1073 1566 1478 1631 exsolvendas.
1551 1566 1666 1649 IV,
1706 1569 1788 1632 73
1824 1570 2251 1648 prorumpunt
2290 1566 2584 1646 quintani
2627 1570 2769 1628 ante
2812 1565 2972 1629 alios

519 1677 576 1736 et
619 1674 752 1737 aer-i
794 1693 1014 1755 puqna
1068 1672 1232 1738 hoste
1273 1673 1460 1754 pulso
1503 1674 1810 1753 recipiunt
1852 1672 2113 1736 cohortis
2170 1673 2425 1752 alasque
2464 1673 2662 1752 fessas
2706 1673 2971 1738 vulneri-

518 1780 644 1843 bus.
713 1779 799 1842 ib.
836 1800 980 1844 mox
1015 1783 1385 1860 compertum
1433 1829 1446 1842 .
1485 1827 1499 1842 .
1540 1830 1553 1842 .
1592 1827 1606 1842 .
1651 1779 1853 1842 aliam
1885 1778 2475 1860 quadi-inqentorum
2510 1799 2768 1842 manum
2804 1799 2973 1842 occu-

505 1889 667 1968 pata
695 1884 1073 1965 Cruptoricis
1107 1887 1418 1966 quondam
1443 1886 1837 1968 stipendiarii
1870 1885 2023 1950 villa
2048 1886 2282 1948 mutuis
2318 1885 2535 1949 ictibus
2559 1885 2972 1967 procubuisse.

518 1991 607 2074 V,
663 1992 704 2057 5
779 1991 1009 2057 Caesar
1077 1992 1344 2073 repetitis
1414 1993 1741 2055 adversum
1811 1996 2082 2072 nepotem
2146 1996 2203 2054 et
2271 2011 2503 2055 nurum
2552 1991 2805 2072 probris
2875 1993 2974 2054 in-

521 2099 869 2180 crepitaque
919 2119 1037 2179 per
1089 2099 1320 2162 dietum
1333 2159 1348 2170 ,
1354 2098 1527 2180 plebe
1570 2103 1815 2180 questus
1877 2100 2050 2180 apud
2100 2103 2314 2179 patres
2357 2099 2521 2179 quod
2565 2148 2580 2162 .
2620 2148 2633 2161 .
2672 2149 2686 2160 .
2732 2099 2975 2180 inteqra

523 2210 728 2268 tamen
771 2205 891 2269 sibi
935 2210 1152 2269 cuncta
1184 2205 1542 2286 postulavit.
1617 2204 1697 2288 V,
1745 2206 1784 2270 8
1844 2205 2126 2270 Vitellius
2160 2206 2353 2286 petito
2387 2225 2505 2285 per
2548 2205 2802 2285 speciem
2846 2209 2973 2268 stu-

519 2312 766 2374 diorum
801 2312 1045 2393 sculpro
1092 2313 1275 2378 levem
1320 2312 1508 2376 ictum
1553 2314 1725 2376 venis
1770 2313 1998 2376 intulit.
2072 2310 2195 2393 VI,
2248 2312 2281 2374 1
2334 2310 2563 2375 Caesar
2609 2313 2972 2376 transmisso

519 2419 683 2497 quod
726 2417 996 2499 Capreas
1049 2425 1106 2484 et
1149 2419 1518 2484 Surrentum
1571 2420 1855 2483 interluit
1902 2420 2059 2499 freto
2113 2417 2529 2502 Campaniam
2571 2419 2972 2500 praeleqebat.

524 2523 607 2587 ib.
655 2525 727 2589 in
759 2528 1118 2608 propinqua
1163 2528 1474 2609 deqressus
1519 2528 1710 2591 aditis
1754 2527 1935 2590 iuxta
1984 2526 2255 2590 Tiberim
2288 2526 2508 2607 portis.
2572 2524 2669 2588 VI
2688 2575 2703 2603 ,
2741 2525 2780 2588 9
2829 2535 2969 2588 ea‘u-

521 2652 659 2697 sam
704 2637 774 2696 ut
820 2634 947 2714 ipse
990 2654 1128 2697 cum
1181 2640 1399 2698 senatu
1443 2640 1710 2699 nosceret
1752 2634 1995 2697 distulit
2049 2634 2213 2697 datis
2256 2633 2623 2713 quibusdam
2666 2635 2736 2697 in
2782 2632 2961 2697 Scau-

523 2759 666 2802 rum
714 2739 990 2805 tristibus
1034 2742 1214 2804 notis.
1278 2740 1391 2823 VI,
1429 2742 1511 2804 37
1561 2742 1819 2822 repet-ita
1860 2741 2141 2803 amicitia
2184 2741 2344 2821 reqis
2388 2740 2578 2803 multo
2624 2742 2795 2821 apud
2835 2759 2971 2803 eum

519 2845 760 2909 honore.
822 2844 935 2928 VI,
974 2847 1059 2910 64
1105 2849 1311 2911 deusto
1357 2852 1557 2911 monte
1593 2846 1814 2911 Coelio.
1872 2844 1987 2928 VI,
2022 2844 2110 2909 45
2155 2846 2367 2909 deu-sta
2403 2851 2587 2927 parte
2621 2846 2803 2910 Circi.
2862 2844 2974 2927 XI,

527 2952 606 3015 18
657 2952 946 3015 lintribus
990 2952 1256 3019 hostium
1300 2954 1599 3036 depressis
1643 2959 1702 3017 et
1752 2952 2069 3017 exturbato
2114 2951 2445 3017 Gannasco
2494 3003 2507 3018 .
2546 3003 2560 3018 .
2600 3003 2614 3017 .
2653 3004 2666 3017 .
2714 2953 2973 3017 reduxit.

523 3057 670 3140 XII,
723 3060 802 3123 13
852 3061 1134 3129 tramisso
1179 3081 1362 3125 amne
1402 3061 1580 3144 Tiqri
1612 3065 1938 3141 permeant
1973 3059 2343 3123 Adiabenos.
2403 3058 2549 3144 XII,
2590 3060 2670 3124 18
2717 3060 2975 3123 navium

520 3166 820 3245 quasdam
869 3216 880 3229 .
921 3215 934 3228 .
973 3216 987 3229 .
1027 3217 1040 3229 .
1094 3168 1533 3231 circumvenere
1593 3166 1846 3231 barbari
1887 3167 2195 3248 praefecto
2247 3166 2507 3231 cohortis
2560 3171 2618 3231 et
2663 3166 2975 3247 plerisque

522 3273 933 3337 auxiliarium
997 3273 1341 3352 interfectis.
1423 3272 1549 3337 XII
1563 3324 1579 3355 ,
1636 3274 1723 3339 25
1778 3273 2129 3337 Domitium
2190 3273 2323 3355 filio
2386 3274 2704 3355 anteponit
2762 3272 2975 3336 habita

522 3380 694 3459 apud
744 3385 1026 3444 senatum
1079 3381 1370 3444 oratione.
1454 3379 1610 3462 XII,
1657 3381 1739 3443 27
1791 3380 2055 3461 Leyatus
2100 3380 2444 3444 auxiliares
2500 3379 2857 3461 Vanqionas
2902 3401 2975 3442 ac

525 3486 816 3551 Nemetas
859 3487 1069 3550 addito
1115 3487 1311 3567 equite
1355 3487 1558 3550 alario
1604 3487 1882 3551 immisit.
1954 3485 2102 3566 XII,
2148 3486 2237 3551 45
2282 3486 2690 3550 Radamistus
2730 3486 2976 3565 frustra

523 3592 614 3655 vel
668 3612 806 3655 cum
859 3594 1086 3657 damno
1143 3593 1448 3672 temptatis
1505 3592 1951 3657 munitionibus
2005 3593 2307 3657 obsidium
2360 3592 2594 3671 incipit.
2685 3590 2841 3674 XII,
2887 3591 2971 3653 49

524 3700 787 3763 auxiliis
829 3698 1320 3781 provincialium
1373 3698 1718 3762 contractis.
1818 3694 2010 3778 XIII,
2063 3697 2146 3759 41
2209 3697 2399 3760 lucem
2444 3697 2757 3777 opperitur
2792 3717 2972 3777 prae-

527 3810 719 3869 missa
766 3807 882 3869 levi
926 3809 1271 3867 armatura.
1334 3804 1508 3888 XIV,
1547 3803 1633 3868 25
1680 3806 1824 3868 dato
1856 3804 2174 3886 praesidio
2211 3804 2297 3867 ad
2342 3803 2524 3866 litora
2561 3805 2757 3867 maris
2801 3804 2978 3867 rubri

525 3912 790 3975 deduxit.
873 3912 957 3975 ib.
1013 3911 1226 3975 vitatis
1270 3910 1655 3975 Parthorum
1716 3911 1945 3991 finibus
1988 3911 2241 3992 patrias
2286 3910 2356 3973 in
2401 3911 2563 3974 sedes
2624 3930 2974 3974 remeavere.

527 4018 704 4099 XIV,
753 4018 836 4081 26
872 4019 1218 4099 praemisso
1264 4038 1403 4082 cum
1439 4018 1702 4083 auxiliis
1741 4017 2047 4082 Verulano
2096 4017 2286 4098 legato
2330 4021 2511 4096 atque
2555 4018 2683 4097 ipse
2729 4017 2977 4098 leqioui-

526 4124 637 4188 bus
674 4125 810 4188 citis
846 4124 1016 4187 abire
1039 4125 1360 4206 proculae
1394 4146 1562 4207 spem
1598 4126 1739 4190 belli
1775 4126 2046 4189 omittere
2080 4123 2325 4205 subeqit.
2389 4122 2569 4208 XIV,
2599 4124 2680 4187 31
2722 4126 2979 4205 rapiunt

527 4251 711 4294 arma
765 4233 1076 4296 commotis
1131 4234 1217 4296 ad
1265 4233 1646 4297 rebellionem
1698 4230 2179 4295 Trinobantibus
2224 4234 2281 4293 et
2332 4231 2441 4311 qui
2484 4230 2602 4293 alii
2648 4279 2661 4294 .
2702 4281 2714 4293 .
2754 4280 2767 4294 .
2813 4250 2975 4306 resu:

527 4358 686 4400 merc
733 4337 1084 4402 libertatem.
1167 4338 1344 4423 XIV,
1391 4340 1476 4403 33
1532 4338 1620 4403 ibi
1664 4337 1989 4421 ambiquus
2035 4358 2122 4401 an
2176 4337 2354 4401 illam
2398 4337 2594 4400 sedem
2638 4336 2787 4400 bello
2832 4337 2975 4400 deli-

521 4448 687 4525 qeret
737 4445 1166 4527 circumspecta
1219 4446 1634 4527 infrequentia
1689 4446 1921 4511 militis.
1995 4444 2079 4508 ib.
2126 4443 2378 4508 barbari
2433 4443 2674 4507 omissis
2717 4444 2979 4507 castellis

521 4552 970 4633 praesidiisque
1015 4553 1389 4617 militarium
1437 4603 1450 4616 .
1491 4604 1503 4615 .
1543 4604 1556 4616 .
1594 4552 1895 4634 petebant.
1978 4552 2121 4633 XV,
2167 4552 2210 4614 4
2265 4555 2396 4614 acto
2450 4550 2683 4631 raptim
2736 4551 2980 4631 aymine

528 4655 814 4725 Moneses
859 4709 873 4724 .
912 4709 926 4724 .
968 4709 980 4722 .
1022 4710 1035 4722 .
1086 4660 1420 4743 Tigranem
1465 4660 1736 4740 offendit.
1811 4658 1953 4741 XV,
2006 4660 2080 4722 11
2136 4658 2443 4739 Voloyeses
2488 4705 2502 4720 .
2542 4706 2555 4720 .
2592 4707 2607 4721 .
2652 4656 2815 4721 nihil
2848 4676 2979 4719 mu-
