3303 5235
587 314 715 378 136
741 387 756 406 Ι
1533 311 1831 384 Appendix
1868 312 2079 369 critica.

585 477 910 560 quomodo
949 477 1032 542 ad
1077 478 1400 561 integrum
1439 476 1696 540 restitui
1741 477 1953 560 possit
1988 475 2377 542 difficillima
2420 476 2721 560 quaestio
2758 479 2885 557 est,
2930 476 3041 540 sed

583 586 1006 652 nibilominus
1051 583 1414 665 videamus,
1459 583 1614 668 quid
1649 605 1729 648 ex
1774 583 2031 648 criticae
2068 584 2231 648 artis
2274 583 2636 648 rationibus
2672 582 3043 666 periclitan-

592 690 746 756 dum
783 691 887 756 sit.
943 713 1021 756 ac
1057 711 1246 758 voces
1281 689 1673 756 relatione
1710 690 1779 756 in
1815 689 2279 754 relationem
2314 693 2383 754 et
2418 689 2937 754 reverentiam
2974 689 3047 752 in

583 797 1180 862 irreverentiam
1235 795 1727 862 commutandas
1780 817 1923 860 esse
1980 797 2159 860 omni
2214 800 2393 860 caret
2438 795 2869 879 dubitatione,
2930 795 3047 860 sed

585 903 834 968 utinam
885 903 1348 986 subsequentia
1389 903 1590 968 verba
1633 924 1771 968 non
1816 903 2031 968 minus
2067 905 2239 968 recte
2286 902 2625 968 emendare
2668 901 3029 986 possimus!

767 1011 867 1074 Ac
910 1009 1288 1094 priusquam
1340 1009 1468 1076 hoc
1513 1031 1845 1091 conemur,
1902 1031 2067 1094 quae
2114 1009 2239 1073 viri
2283 1006 2457 1074 docti
2502 1009 2582 1072 de
2626 1009 2771 1073 loco
2816 1011 3045 1072 nostro

584 1117 999 1201 protulerint,
1061 1116 1496 1200 quaerendum
1561 1120 1681 1181 est.
1776 1138 1905 1200 quo
1966 1116 2037 1180 in
2094 1137 2333 1201 genere
2402 1116 2577 1180 ultra
2634 1114 3052 1181 Doederleini

586 1226 866 1288 aetatem
918 1222 1172 1307 regredi
1241 1245 1402 1307 opus
1454 1244 1592 1288 non
1635 1243 1779 1288 esse
1838 1222 2119 1304 videtur,
2178 1221 2348 1306 quod
2406 1222 2516 1306 qui
2562 1225 2713 1288 ante
2764 1219 3051 1284 Doeder-

596 1329 758 1393 leini
821 1333 1118 1413 tempora
1181 1328 1410 1394 Tacito
1473 1329 1959 1413 interpretando
2018 1349 2283 1412 operam
2334 1331 2751 1411 navaverunt,
2822 1347 3049 1390 eorum

591 1436 954 1502 sententiae
1011 1439 1126 1500 aut
1179 1459 1220 1500 a
1274 1437 1482 1502 nostri
1535 1437 1849 1521 temporis
1914 1435 2069 1501 viris
2124 1433 2332 1500 doctis
2388 1438 2687 1519 receptae
2742 1437 2859 1498 aut
2909 1437 3049 1500 tam

589 1563 928 1625 perversae
975 1545 1156 1625 sunt,
1201 1545 1276 1606 ut
1321 1563 1486 1626 quae
1533 1542 1895 1606 accuratius
1935 1541 2382 1606 examinentur
2424 1563 2562 1606 non
2607 1541 2742 1606 sint
2794 1539 3055 1625 dignae.

588 1671 664 1713 ac
711 1647 1098 1714 Doederlein
1152 1648 1292 1732 ipse
1349 1648 1746 1731 suspicatur:
1810 1651 1899 1712 ut
1954 1647 2104 1710 iam
2160 1668 2402 1732 aeque
2459 1669 2629 1712 cum
2683 1646 3053 1731 patronis

587 1754 755 1819 iure
821 1758 1170 1838 agerent,
1245 1776 1338 1819 ne
1401 1755 1876 1820 sententiam
1938 1775 2197 1818 eorum
2262 1755 2824 1820 consultarent.
2922 1776 3053 1838 quo

588 1861 749 1926 vitio
808 1861 968 1926 haec
1015 1862 1292 1928 mutatio
1349 1860 1606 1928 laboret
1661 1862 1849 1928 facile
1894 1863 1997 1926 est
2043 1860 2125 1924 ad
2179 1860 2707 1946 intellegendum.
2778 1861 3053 1926 minime

590 1967 949 2034 obiciamus
996 1967 1199 2032 Doed.
1247 1968 1612 2052 audaciam,
1658 1967 1831 2052 quod
1868 1971 2019 2032 ante
2068 1988 2202 2033 voc.
2244 1968 2715 2033 sententiam
2765 1968 3047 2050 particu-

588 2074 719 2138 lam
765 2095 857 2138 ne
915 2073 1046 2158 legi
1090 2075 1260 2156 vult,
1317 2075 1554 2158 quippe
1599 2097 1763 2160 quae
1818 2096 1938 2159 pro
1992 2074 2272 2140 nedum
2328 2074 2501 2139 dicta
2544 2073 2697 2139 Sall.
2746 2071 2888 2139 Cat.
2942 2075 3055 2156 113

589 2179 724 2246 Liv.
761 2178 892 2263 ΙΙΙ,
929 2181 1041 2265 52;
1087 2179 1240 2264 XL,
1277 2181 1366 2246 25
1411 2186 1478 2248 et
1523 2181 1694 2266 apud
1742 2181 2041 2246 Tacitum
2087 2180 2299 2264 ipsum
2346 2217 2435 2230 —
2480 2202 2872 2264 quamquam
2918 2202 3056 2245 uno

587 2286 1043 2352 tantummodo
1088 2288 1228 2351 loco
1277 2310 1425 2353 ann.
1469 2288 1592 2372 XI,
1639 2289 1727 2352 30
1780 2324 1855 2334 —
1914 2287 2283 2353 inveniatur
2326 2292 2393 2352 et
2451 2287 2699 2351 librarii
2745 2287 2907 2353 vitio
2964 2286 3060 2352 fa-

588 2393 708 2456 cile
767 2391 915 2456 sede
972 2415 1090 2457 sua
1150 2395 1394 2459 moveri
1453 2395 1755 2479 potuerit.
1850 2393 1962 2458 sed
2018 2393 2084 2458 id
2141 2396 2597 2478 argumentum
2648 2393 3061 2477 proferamus

589 2502 816 2562 contra
849 2497 1368 2584 Doederleinum,
1405 2506 1478 2566 ut
1515 2505 1879 2568 statuamus
1908 2502 1979 2564 in
2014 2500 2132 2565 illo
2171 2501 2528 2584 enuntiate,
2564 2498 2735 2584 quod
2766 2521 2843 2564 ex
2879 2521 3061 2564 com-

591 2605 888 2690 pluribus
933 2607 1232 2690 partibus
1280 2609 1717 2693 compositum
1764 2608 1879 2691 sit,
1936 2606 2155 2672 deesse
2210 2606 2660 2691 gradationem
2708 2605 3059 2690 quandam,

595 2733 760 2796 quae
818 2714 1182 2778 necessaria
1236 2714 1548 2781 videatur.
1644 2738 1798 2779 nam
1857 2715 1913 2779 si
1967 2714 2255 2798 legentes
2311 2713 2783 2796 pervenerimus
2836 2733 3049 2795 usque

591 2818 673 2881 ad
711 2839 977 2883 eorum
1017 2821 1597 2903 consultarent,
1634 2844 1669 2885 e
1705 2819 2005 2886 Doederl.
2040 2819 2319 2884 lectione
2358 2818 2815 2902 subsequentia
2848 2818 3056 2883 verba

592 2945 676 2987 ac
723 2924 1186 2990 verberibus
1235 2947 1349 3010 qu.
1396 2950 1549 3011 squ.
1604 2931 1741 2993 tam
1786 2927 1997 2993 ieiune
2044 2926 2217 2991 dicta
2263 2928 2441 3008 sunt,
2493 2928 2569 2989 ut
2610 2924 2914 2989 iudicium
2963 2924 3050 2987 le-

592 3031 806 3115 gentis
854 3034 920 3095 et
965 3032 1365 3116 exspectatio
1413 3035 1723 3118 tanquam
1768 3034 2052 3099 fallatur.

769 3138 993 3203 Etiam
1049 3138 1115 3202 in
1163 3137 1667 3224 Bezzenbergeri
1720 3143 1787 3203 et
1834 3138 2077 3205 Sirkeri
2134 3138 2490 3203 mutatione
2544 3174 2612 3183 -
2678 3140 2763 3201 ut
2822 3138 3063 3220 plane

591 3268 830 3330 aequo
870 3265 1035 3309 cum
1082 3246 1442 3327 patronis
1487 3246 1653 3309 iure
1700 3248 2027 3329 agerent
2062 3245 2527 3310 sententiam
2568 3266 2828 3309 eorum
2876 3266 3059 3309 con-

592 3353 1004 3417 culcarent·
1049 3348 1413 3435 (Bezzenb.)
1477 3388 1552 3397 -
1616 3354 1697 3415 ut
1751 3350 1899 3415 iam
1956 3372 2196 3435 aequo
2253 3373 2419 3417 cum
2472 3351 2834 3435 patronis
2891 3351 3061 3415 iure

594 3461 917 3544 agerent
971 3456 1470 3521 clementiam
1528 3480 1788 3523 eorum
1845 3458 2395 3523 conculcarent
2448 3479 2539 3521 ne
2589 3458 3063 3522 verberibus

593 3588 704 3649 qu.
776 3586 930 3649 squ.
999 3560 1274 3649 (Sirker)
1363 3564 1809 3631 offendendum
1886 3569 1987 3628 est
2053 3567 2320 3647 propter
2388 3567 2773 3649 argumenta
2840 3565 2913 3629 in
2984 3587 3059 3627 re

591 3672 736 3753 ipsa
796 3670 1028 3753 posita.
1121 3692 1272 3733 nam
1333 3670 1631 3754 libertos,
1693 3671 1749 3735 si
1808 3692 2030 3735 revera
2090 3692 2294 3754 aequo
2354 3691 2501 3735 cum
2557 3670 2851 3753 patronis
2913 3671 3065 3735 iure

595 3778 886 3861 egerunt,
931 3778 1124 3840 antea
1163 3777 1548 3843 sententiam
1587 3777 1693 3840 vel
1730 3776 2137 3841 clementiam
2175 3778 2597 3860 patronorum
2639 3776 3067 3841 conculcasse

594 3883 824 3947 debere
869 3904 982 3966 per
1031 3904 1098 3947 se
1145 3883 1542 3969 intellegitur
1593 3920 1671 3928 —
1724 3903 1906 3967 ergo,
1969 3882 2274 3966 quoniam
2319 3883 2679 3967 posteriore
2728 3883 3064 3947 enuntiati

592 3994 776 4073 parte
835 3986 1274 4073 (clementiam
1321 4010 1541 4053 eorum
1589 3986 2068 4072 conculcarent)
2126 3988 2368 4072 aliquid
2416 3988 2824 4072 exprimitur,
2878 3990 3067 4072 quod

594 4097 726 4160 iam
749 4095 985 4178 ,priore
1033 4095 1432 4179 continetur,
1487 4090 1755 4161 crimine
1810 4094 2211 4179 tautologiae
2258 4094 2593 4160 cuiusdam
2642 4094 3065 4159 enuntiatum

594 4224 728 4269 non
774 4205 965 4267 caret.
1014 4238 1096 4248 ——
1143 4201 1323 4266 Idem
1368 4202 1526 4267 vit-io
1574 4201 1955 4267 vertendum
2003 4205 2104 4265 est
2138 4200 2499 4285 Draegero,
2544 4202 2723 4265 cuius
2773 4206 3057 4270 annota-

594 4308 800 4372 tione:
875 4328 964 4371 ne
1021 4331 1258 4394 aequo
1315 4309 1623 4393 quidem
1678 4309 1845 4373 iure
1901 4307 1957 4373 d.
2004 4308 2067 4371 h.
2134 4306 2243 4371 sie
2301 4307 2558 4371 lassen
2618 4307 2783 4372 sich
2830 4307 3073 4373 nicht

596 4412 875 4480 einmal
933 4416 1066 4479 auf
1115 4415 1338 4478 einen
1404 4414 1950 4500 regelrechten
1995 4434 2308 4495 process
2375 4412 2514 4476 mit
2568 4412 2735 4477 dem
2790 4416 3072 4496 patro-

597 4541 734 4582 nus
783 4518 928 4600 ein,
978 4520 1308 4583 sondern
1344 4518 1636 4585 drohen
1682 4520 1836 4587 ihm
1884 4520 2023 4583 mit
2062 4519 2447 4603 schlagen.
2506 4515 2807 4603 (coniecit
2842 4520 3070 4586 enim:

599 4627 682 4687 ut
725 4645 813 4687 ne
872 4644 1108 4706 aequo
1167 4625 1464 4706 quidem
1521 4647 1681 4689 cum
1731 4624 2091 4709 patronis
2146 4625 2313 4689 iure
2366 4626 2691 4708 agerent
2746 4620 3071 4691 s‘enten·
