3303 5235
1215 586 1791 691 Conspectus,

2634 870 2739 908 με·

269 925 700 980 Praemittenda
786 968 2581 983 ..........................
2704 936 2732 982 1

273 1012 412 1083 Cap.
452 1014 493 1069 Ι.
568 1016 659 1069 De
700 1014 1247 1084 significatione
1285 1015 1820 1086 participiorum
1860 1057 2583 1071 ...........
2703 1023 2735 1070 3

349 1109 378 1169 5
421 1111 465 1158 1.
544 1104 845 1160 Generalis,
884 1105 1160 1174 quaedam
1213 1147 2581 1162 ....................
2704 1111 2735 1158 3

347 1197 378 1258 5
413 1199 465 1246 2.
539 1195 611 1249 A.
668 1194 752 1248 De
789 1194 1086 1264 participio
1122 1194 1433 1264 praesentis
1473 1195 1530 1248 et
1565 1192 1746 1246 futuri
1783 1190 1959 1246 activi
2005 1236 2582 1270 ..........
2704 1199 2739 1246 4

535 1283 606 1338 Β.
664 1283 747 1338 De
786 1282 1085 1354 participio
1123 1282 1441 1354 imperfecti
1479 1281 1632 1350 quod
1671 1279 1878 1334 dicitur
1915 1279 1987 1334 de
2026 1283 2228 1335 conatu
2288 1324 2299 1336 .
2358 1325 2369 1336 .
2418 1284 2441 1336 ’.
2501 1326 2511 1337 .
2572 1325 2583 1336 .
2702 1288 2737 1335 4

347 1377 376 1435 5
415 1377 464 1424 3.
539 1371 622 1425 De
659 1371 960 1442 participio
998 1371 1235 1442 perfecti
1273 1369 1482 1440 passivi
1569 1413 2580 1426 ...............
2702 1377 2733 1424 5

539 1461 609 1514 A.
665 1460 748 1514 De
798 1459 1099 1531 participio
1147 1459 1387 1529 perfecti
1454 1459 1604 1527 quod
1660 1457 1721 1511 in
1774 1457 2003 1510 modum
2061 1457 2345 1526 participii
2398 1458 2593 1513 aoristi

671 1547 920 1605 Graecae
959 1549 1186 1620 linguae
1228 1548 1425 1603 dicunt
1459 1543 1721 1616 usurpari
1789 1590 2580 1603 ............
2702 1555 2734 1603 6

760 1639 802 1693 Ι.
841 1639 923 1692 De
961 1637 1262 1708 participio
1302 1635 1545 1707 perfecti
1580 1634 1878 1689 verborum
1915 1635 2312 1704 deponentium
2358 1680 2368 1690 .
2430 1680 2439 1691 .
2500 1681 2510 1691 .
2573 1680 2584 1691 .
2704 1643 2736 1691 6

731 1727 796 1784 Π.
837 1725 920 1781 De
958 1725 1262 1797 participio
1300 1723 1541 1796 perfecti
1578 1723 1790 1794 passivi
1858 1767 2579 1780 ...........
2670 1732 2735 1778 10

702 1815 797 1868 ΙΙΙ.
835 1817 918 1870 De
956 1817 1206 1872 ablativo
1245 1815 1506 1870 absoluto
1543 1812 1833 1884 participii
1867 1813 2105 1883 perfecti
2141 1815 2353 1882 passivi
2427 1857 2437 1869 .
2499 1859 2509 1870 .
2572 1859 2583 1870 .
2668 1823 2735 1870 10

541 1905 613 1957 Β.
670 1905 754 1960 De
798 1905 868 1959 iis
914 1904 1229 1976 participiis
1267 1903 1503 1976 perfecti
1546 1900 1819 1973 temporis
1867 1902 2161 1958 verborum
2198 1903 2399 1971 depon.
2447 1919 2589 1970 quae

665 1993 945 2064 passivam
981 1994 1098 2050 vim
1134 1995 1347 2050 habent
1419 2034 2572 2048 .................
2662 1999 2726 2047 17

343 2087 373 2146 5
410 2087 460 2136 4.
535 2082 618 2136 De
655 2082 954 2154 participio
993 2083 1169 2138 futuri
1206 2081 1417 2153 passivi
1455 2081 1806 2151 (gerundivo)
1850 2124 2577 2137 ...........
2665 2088 2731 2136 18

275 2166 408 2236 Cap.
443 2168 513 2221 Π.
587 2168 679 2222 De
716 2169 1256 2240 participiorum
1295 2172 1544 2225 natura
1578 2167 1917 2223 nominali
1992 2212 2575 2224 .........
2663 2177 2729 2225 19

350 2260 379 2318 5
421 2260 470 2308 5.
544 2255 628 2309 De
665 2258 980 2326 participiis
1019 2259 1430 2315 adiectivorum
1465 2259 1644 2313 instar
1681 2258 1964 2328 usurpatis
1995 2300 2575 2314 .........
2666 2266 2731 2314 19

346 2347 377 2408 5
415 2349 463 2397 6.
537 2343 620 2398 De
657 2344 971 2416 participiis
1008 2364 1150 2415 quae
1187 2347 1669 2402 substantivorum
1704 2346 1881 2400 instar
1917 2348 2256 2415 usurpantur
2277 2390 2574 2402 .....
2659 2355 2724 2402 21

545 2435 617 2486 Α.
672 2433 756 2487 De
794 2433 1094 2504 participio
1131 2435 1442 2505 praesentis
1490 2477 2574 2492 ................
2659 2443 2725 2490 21

538 2521 608 2574 Β.
666 2518 750 2574 De
785 2521 1091 2593 participio
1121 2524 1357 2593 perfecti
1392 2541 1540 2594 pass.
1578 2541 1679 2594 pro
1712 2523 2065 2578 substantivo
2102 2523 2321 2576 verbali
2358 2523 2574 2592 positu.
2661 2531 2728 2578 30

552 2608 606 2664 Ο.
665 2610 747 2665 De
784 2609 1083 2682 participio
1120 2611 1295 2668 futuri
1331 2614 1504 2670 activi
1542 2615 1601 2669 et
1636 2612 1849 2685 passivi
1885 2612 2105 2684 generis
2135 2657 2574 2669 .......
2660 2620 2728 2668 32

343 2702 373 2761 5
413 2704 460 2752 7.
533 2698 616 2751 De
652 2699 924 2767 gerundio
965 2716 1092 2754 cum
1127 2703 1641 2772 praepositionibus
1681 2702 1979 2758 coniuncto
1993 2746 2575 2759 .........
2660 2709 2729 2755 32

342 2791 372 2849 5
411 2790 462 2840 8.
535 2785 618 2838 De
656 2788 929 2855 gerundio
967 2791 1116 2857 quod
1154 2791 1435 2861 dependet
1471 2792 1540 2846 de
1575 2791 1923 2860 nominibus,
1962 2790 2288 2862 adiectiviS,
2327 2791 2511 2846 verbis
2560 2835 2572 2847 .
2656 2797 2727 2845 34

750 2876 790 2930 I.
846 2877 929 2931 De
967 2878 1228 2947 genetivo
1265 2882 1363 2948 qui
1398 2881 1611 2951 pendet
1646 2898 1682 2935 a
1719 2880 2083 2935 substantivis
2137 2924 2569 2937 .......
2654 2886 2725 2935 34

692 2965 950 3035 (Singula
985 2984 1193 3037 genera
1229 2968 1481 3023 invenies
1521 2969 1621 3022 sub
1661 2970 1737 3037 A,
1775 2966 1848 3037 B,
1888 2967 1955 3035 C,
1994 2970 2071 3036 D,
2108 2970 2182 3037 E,
2220 2970 2301 3037 F.)

723 3054 789 3111 H.
847 3055 931 3109 De
968 3057 1230 3126 genetivo
1270 3058 1368 3127 qui
1405 3059 1688 3128 dependet
1725 3058 1794 3111 de
1831 3056 2127 3112 adiectivis
2204 3101 2574 3113 ......
2657 3065 2725 3112 40

697 3143 791 3201 ΙΙΙ.
848 3144 930 3199 De
960 3146 1221 3214 genetivo
1243 3147 1340 3216 qui
1359 3148 1570 3217 pendet
1587 3164 1622 3201 a
1651 3146 1963 3217 participiis
1986 3145 2291 3215 praesentis
2315 3146 2583 3215 temporis
2656 3154 2720 3200 41

697 3232 789 3287 IV.
845 3233 927 3287 De
965 3234 1228 3303 genetivo
1268 3234 1366 3303 qui
1403 3235 1685 3305 dependet
1722 3235 1791 3289 de
1830 3234 1999 3289 verbo
2063 3278 2572 3291 ........
2658 3242 2725 3289 42

347 3322 376 3381 5
414 3324 462 3372 9.
539 3319 621 3373 De
660 3322 931 3390 gerundio
977 3325 1130 3391 quod
1175 3340 1288 3377 non
1323 3326 1444 3379 tam
1481 3325 1554 3379 ad
1601 3326 1811 3378 certam
1850 3323 2133 3391 quandam
2178 3338 2378 3377 vocem
2414 3338 2583 3390 quam

557 3410 629 3464 ad
665 3412 850 3466 totum
885 3412 1238 3467 enuntiatum
1273 3413 1524 3483 pertinet
1562 3454 2569 3469 ...............
2652 3418 2722 3466 44

555 3498 624 3553 A.
682 3499 766 3554 De
803 3500 1063 3571 gerundii
1099 3502 1350 3557 ablativo
1388 3502 1807 3557 instrumentali
1847 3542 2569 3558 ...........
2654 3507 2723 3554 44

546 3586 618 3639 Β.
675 3589 757 3642 De
795 3589 1054 3659 gerundii
1091 3589 1340 3645 ablativo
1378 3588 1591 3644 modali
1631 3630 2572 3645 ..............
2656 3596 2724 3644 46

273 3670 404 3743 Cap.
443 3674 552 3727 111:
613 3676 706 3731 De
745 3678 1276 3748 participiorum
1313 3696 1433 3732 usu
1469 3676 1889 3731 attributivo
1913 3718 2563 3733 ..........
2647 3684 2715 3733 48

339 3766 370 3827 5
412 3768 492 3818 10.
559 3764 642 3818 De
662 3764 974 3836 participiis
994 3784 1121 3821 cum
1141 3756 1504 3822 substantivis
1523 3785 1625 3836 pro
1647 3762 2015 3821 substantivis
2035 3763 2358 3818 verbalibus
2378 3764 2578 3834 positis
2651 3773 2719 3820 48

342 3858 371 3917 5
414 3858 497 3906 11.
567 3853 648 3907 De
686 3855 949 3924 genetivo
991 3898 2571 3912 .......................
2657 3861 2724 3909 55

607 3994 614 4001 .
653 3944 694 3998 1.
751 3943 834 3997 De
873 3944 1136 4013 genetivo
1174 3945 1272 4013 qui
1307 3946 1518 4013 pendet
1551 3962 1586 3999 a
1622 3944 1989 3999 substantivis
2056 3987 2565 3999 ........
2651 3953 2719 3999 66

626 4032 692 4087 ΙΙ.
749 4031 833 4087 De
871 4032 1132 4102 genetivo
1171 4034 1270 4103 qui
1303 4033 1514 4103 pendet
1549 4035 1622 4087 ab
1660 4032 1955 4088 adiectivis
1986 4075 2566 4088 .........
2652 4037 2719 4087 57

598 4120 692 4174 ΙΙΙ.
751 4121 836 4176 De
872 4123 1137 4191 genetivo
1175 4122 1274 4192 qui
1309 4123 1520 4192 pendet
1556 4140 1592 4177 a
1630 4124 1800 4177 verbo
1842 4163 2565 4176 ...........
2650 4126 2719 4175 58

340 4212 370 4272 5
413 4213 492 4260 12.
559 4206 642 4261 De
681 4208 876 4264 dativo
915 4252 2565 4267 ........................
2651 4214 2719 4262 58

651 4296 691 4351 Ι.
749 4296 832 4352 De
872 4298 1064 4354 dativo
1103 4299 1199 4367 qui
1236 4298 1518 4368 dependet
1555 4299 1624 4352 de
1663 4298 1837 4353 verbo
1914 4340 2565 4353 ..........
2649 4303 2718 4351 59

858 4386 1116 4457 (Singula
1153 4404 1363 4457 genera
1399 4387 1653 4442 invenies
1691 4385 1791 4441 sub
1828 4386 1903 4453 A,
1943 4387 2012 4453 B,
2052 4386 2133 4455 O.)

623 4474 694 4526 ΙΙ.
750 4475 833 4529 De
873 4476 1064 4530 dativo
1103 4475 1198 4543 qui
1233 4476 1446 4545 pendet
1481 4476 1551 4529 ab
1591 4473 1873 4530 adjectivo
1915 4516 2563 4530 ..........
2648 4482 2716 4529 62

606 4563 700 4616 ΙΙΙ.
758 4564 842 4618 De
881 4564 1072 4619 dativo
1110 4565 1476 4619 antecedente
1513 4564 1861 4619 substantivo
1914 4605 2563 4618 ..........
2648 4569 2715 4618 65

345 4654 375 4715 5
418 4656 498 4706 13.
571 4652 653 4706 De
693 4653 1012 4707 accusativo
1053 4693 2560 4708 ......................
2646 4658 2714 4705 67
