3303 5235
531 272 621 334 44
1615 271 1797 342 caput
1832 273 1898 326 11.

1692 525 1839 604 ss.

658 659 757 713 De
803 657 1151 727 gerundi0‚
1199 659 1389 726 quod
1432 670 1573 713 non
1615 660 1759 713 tam
1804 658 1894 713 ad
1937 657 2193 713 certam
2240 657 2583 725 quandam
2626 669 2868 713 vocem

1023 764 1346 834 pertinet,
1393 777 1601 834 quam
1647 765 1737 819 ad
1780 765 2007 819 totum
2050 763 2497 820 enuntiatum.

779 916 855 980 A.
948 914 1038 978 De
1083 912 1383 998 gerundii
1429 914 1722 980 ablativo
1771 913 1881 996 qul
1927 914 2199 979 vocatur
2242 913 2739 979 instrumentali.

714 1039 922 1115 Quam
972 1039 1103 1103 vim
1149 1042 1215 1104 et
1259 1042 1651 1123 potestatem
1700 1039 2024 1104 ablativus
2080 1038 2598 1104 instrumentalis
2644 1039 2813 1123 apud
2862 1039 2986 1103 La·
3018 1089 3039 1109 .

534 1146 710 1211 tinos
765 1168 917 1230 prae
967 1169 1033 1210 se
1087 1145 1256 1210 ferat
1301 1145 1460 1210 satis
1516 1149 1744 1210 notum
1790 1149 1892 1210 est
1936 1167 2139 1230 neque
2198 1145 2412 1210 minus
2468 1148 2727 1211 constat
2786 1145 2987 1209 etiam

536 1253 618 1318 ad
678 1253 1056 1338 gerundium
1117 1273 1262 1316 eum
1325 1271 1464 1315 esse
1522 1252 1934 1316 translatum.
2014 1251 2139 1315 hoc
2196 1255 2411 1316 autem
2468 1252 2671 1315 multo
2727 1252 2987 1335 saepius

533 1360 690 1439 fieri,
720 1381 912 1444 quam
940 1380 1057 1443 pro
1089 1357 1446 1441 praeceptis
1477 1357 2051 1442 grammaticorum
2079 1357 2441 1443 vulgarium
2481 1360 2711 1441 putare
2748 1359 2987 1442 possiS,

537 1487 700 1550 quae
748 1469 1104 1550 sequuntur
1150 1464 1442 1547 exempla
1488 1463 1869 1529 documento
1918 1467 2086 1528 sunt.

853 1600 915 1664 a)
962 1597 1200 1654 Taciti:

711 1715 743 1779 I
753 1767 770 1799 ,
817 1717 903 1780 26
947 1715 1192 1780 addidit
1233 1713 1725 1796 munificentiam
1772 1713 2002 1781 Caesar
2052 1718 2355 1797 quantum
2400 1715 2619 1778 damni
2664 1713 2991 1795 professus

534 1827 669 1887 erat
723 1821 1098 1887 eoesolvendo.
1178 1819 1306 1904 III,
1361 1820 1447 1884 60
1506 1821 1840 1903 imayinem
1906 1821 2302 1902 antiquitatis
2362 1822 2605 1886 senatui
2655 1821 2995 1903 praebebat

524 1929 845 2011 postulata
889 1928 1358 2008 provinciarum
1412 1928 1500 1991 ad
1545 1927 2035 2010 disquisitionem
2077 1932 2337 2009 patrum
2393 1928 2699 1993 mittendo.
2782 1924 2901 2010 IV,
2948 1928 2991 1990 2

533 2036 658 2100 vim
693 2034 1120 2116 praefecturae
1164 2035 1468 2098 modicam
1513 2039 1656 2099 ante
1690 2035 1955 2098 intendit
1986 2035 2293 2116 dispersas
2324 2055 2441 2116 per
2474 2034 2687 2098 urbem
2720 2032 2995 2098 cohortes

532 2161 664 2207 una
709 2142 780 2204 in
825 2127 1032 2206 castra
1075 2142 1472 2206 conducendo.
1529 2140 1642 2225 IV,
1672 2141 1759 2205 25
1803 2143 2034 2206 ruendo
2079 2142 2149 2205 in
2196 2141 2315 2205 tela
2358 2142 2773 2223 captivitatem
2816 2141 2997 2206 haud

532 2248 739 2312 inulta
799 2253 990 2312 morte
1047 2247 1278 2331 effuyit.
1353 2247 1431 2332 V,
1479 2249 1520 2313 6
1577 2249 1939 2312 memoriam
2000 2248 2200 2312 nostri
2246 2297 2259 2312 .
2299 2297 2313 2311 .
2354 2297 2368 2312 .
2404 2293 2419 2310 .
2469 2249 2614 2313 laeti
2670 2249 2998 2316 retineatis

534 2354 850 2419 adiciendo
903 2375 999 2419 me
1054 2375 1286 2437 quoque
1339 2355 1421 2420 iis
1474 2355 1583 2438 qui
1633 2357 1759 2438 fine
1811 2357 2044 2438 eyreyio
2088 2356 2343 2438 publica
2396 2357 2567 2421 mala
2626 2355 2993 2439 effuyerunt.

534 2460 656 2546 VI,
703 2462 788 2527 43
835 2462 1158 2527 assidendo
1203 2463 1518 2528 castellum
1567 2511 1581 2526 .
1619 2512 1633 2526 .
1675 2512 1689 2526 .
1728 2511 1741 2526 .
1787 2462 1953 2527 dedit
2000 2463 2292 2545 spatium.
2372 2461 2495 2547 VI,
2539 2462 2628 2526 45
2682 2464 2991 2528 imitando

540 2590 811 2635 amorem
846 2571 1121 2637 iuvenem
1157 2571 1398 2636 illicere.
1458 2569 1543 2655 ΙΙ,
1573 2572 1659 2635 22
1704 2571 1805 2636 illi
1847 2569 2149 2653 supplices
2184 2570 2345 2636 nihil
2387 2570 2707 2636 abnuendo
2743 2571 2983 2635 veniam

535 2679 813 2743 omnium
875 2698 1164 2760 accepere.
1256 2674 1377 2758 XI,
1425 2676 1508 2741 38
1575 2678 1733 2741 iuvit
1792 2678 2150 2743 oblivionem
2208 2679 2339 2743 eius
2391 2683 2639 2743 senatus
2696 2677 2975 2743 censendo

533 2803 756 2848 nomen
799 2788 856 2847 et
899 2784 1128 2866 effiyies
1173 2784 1585 2849 demovendas.
1660 2783 1813 2868 XII,
1861 2785 1901 2849 3
1948 2784 2151 2849 crebro
2196 2786 2561 2850 venditando
2597 2784 2837 2866 pellicit
2865 2804 2980 2866 pa-

535 2896 761 2955 truum.
834 2889 991 2972 XII,
1044 2889 1122 2953 19
1179 2890 1471 2955 bellorum
1515 2893 1781 2974 eyreyios
1831 2892 1985 2974 fines
2028 2894 2304 2974 quotiens
2361 2893 2719 2975 iynoscendo
2781 2896 2981 2956 trans-

533 2999 761 3080 iyatwr.
819 2995 964 3080 XII,
1012 2995 1097 3060 52
1143 2997 1295 3062 moti
1339 2993 1501 3083 (scil.
1549 2997 1771 3062 ordine
1820 2997 2172 3083 senatorio)
2218 3000 2327 3080 qui
2370 2999 2737 3063 remanendo
2782 2999 2983 3080 impu-

531 3104 803 3169 dentiam
830 3105 1190 3186 paupertati
1224 3105 1546 3168 adicerent.
1603 3103 1783 3188 XIV,
1811 3104 1851 3168 3
1878 3107 2329 3186 praesumendo
2366 3106 2637 3169 remedia
2671 3106 2988 3169 munierat

533 3231 768 3303 corpus.
829 3208 1006 3295 XIV,
1051 3210 1139 3275 20
1184 3212 1491 3294 deyeneret
1523 3212 1748 3276 studiis
1784 3212 2050 3275 externis
2084 3212 2367 3276 iuventus
2397 3212 2730 3295 yymnasia
2765 3217 2825 3275 et
2859 3214 2987 3276 otia

534 3322 591 3382 et
635 3322 838 3399 turpes
881 3337 1120 3382 amores
1162 3318 1497 3383 exercendo.
1573 3316 1749 3399 XIV,
1795 3318 1880 3383 28
1929 3319 2112 3383 auxit
2156 3324 2415 3401 patrum
2456 3318 2747 3383 honorem
2790 3324 2983 3383 statu-

535 3426 701 3489 endo.
809 3423 986 3508 XIV,
1024 3425 1110 3488 46
1159 3425 1651 3506 praevaricando
1704 3425 2001 3489 ultionem
2055 3426 2352 3490 elusurus
2454 3423 2599 3506 XV,
2660 3427 2692 3488 1
2756 3426 2987 3489 modice

534 3532 875 3613 quaerendo
905 3533 1159 3613 yravior
1193 3536 1342 3595 erat.
1405 3528 1581 3616 XIII,
1611 3531 1700 3596 50
1745 3532 2041 3613 impetum
2076 3534 2205 3597 eius
2253 3583 2266 3595 .
2306 3583 2318 3594 .
2359 3582 2373 3595 .
2411 3583 2425 3597 .
2472 3532 2775 3595 attinuere
2809 3552 2983 3596 sena—

537 3643 691 3703 tores
748 3638 1206 3703 dissolutionem
1260 3638 1508 3719 imperii
1551 3639 1812 3703 docendo
1858 3640 1915 3703 si
1963 3639 2205 3719 fructus*
2249 3689 2265 3705 .
2306 3688 2319 3702 .
2357 3688 2371 3701 .
2412 3686 2425 3701 .
2471 3638 2983 3704 deminuerentur.

536 3743 724 3827 XIII,
791 3744 876 3809 54
949 3744 1198 3809 Dubius
1269 3745 1496 3809 Avitus
1562 3793 1575 3806 .
1624 3794 1639 3810 .
1688 3794 1703 3809 .
1752 3793 1765 3808 .
1842 3747 2189 3811 minitando
2261 3746 2388 3809 vim
2451 3744 2806 3809 Romanam
2862 3796 2877 3809 .
2914 3772 2929 3809 2
2968 3795 2982 3809 .

523 3852 804 3935 perpulit
876 3851 1185 3915 Verritum
1245 3857 1305 3916 et
1366 3852 1741 3934 Maloriyem
1798 3873 2009 3934 preces
2080 3853 2396 3934 suscipere.
2488 3851 2631 3935 XV,
2697 3852 2783 3916 63
2856 3854 2983 3936 ipse

533 3958 808 4022 viscendo
854 3958 985 4021 eius
1029 3962 1328 4021 tormenta
1373 3958 1828 4040 impatientiam
1872 3958 2262 4024 delaberetur.
2327 3955 2506 4042 XVI,
2555 3958 2640 4021 10
2685 3962 2984 4041 tanquam

535 4065 804 4128 vivendo.
886 4060 1029 4147 XV,
1077 4062 1161 4127 59
1209 4064 1408 4129 multa
1451 4065 1808 4147 experiendo
1854 4066 2119 4145 confieri.
2201 4062 2386 4145 XVI,
2436 4064 2471 4127 7
2528 4084 2689 4128 nova
2732 4065 2983 4147 insuper

534 4170 777 4243 inuidia
824 4170 991 4235 Nero
1045 4172 1362 4254 complevit
1401 4170 1779 4253 prohibendo
1825 4171 1891 4236 G.
1936 4169 2223 4236 Cassium
2278 4170 2479 4251 officio
2538 4172 2980 4252 exsequiarum.

534 4276 685 4341 hist.
731 4275 781 4359 I,
829 4277 915 4340 30
959 4279 1329 4359 quiescendo.
1393 4276 1425 4340 Ι
1435 4326 1453 4360 ,
1500 4277 1584 4342 69
1631 4279 1889 4344 meliora
1934 4276 2313 4343 constantius
2346 4276 2735 4359 postulando.
2799 4275 2849 4359 Ι,
2896 4279 2977 4343 87

536 4384 942 4449 criminando.
1015 4384 1100 4467 II,
1153 4386 1228 4447 11
1279 4385 1565 4467 eliyendO.
1637 4384 1721 4469 ΙΙ,
1767 4386 1852 4449 48
1900 4386 2285 4449 remanendo.
2358 4382 2472 4466 111,
2526 4385 2604 4448 18
2642 4385 2981 4466 puynando

433 4496 464 4509 ”
530 4490 776 4570 fessum.
859 4488 956 4554 III
968 4540 984 4573 ,
1031 4490 1118 4553 20
1172 4492 1348 4555 duces
1389 4493 1795 4574 providendo,
1850 4492 2271 4573 consultandO,
2318 4491 2695 4554 cunctatione
2739 4490 2981 4571 saepius

536 4615 723 4677 quam
784 4596 1114 4660 temeritate
1165 4598 1464 4679 prodesse.
1549 4596 1672 4681 ΠΙ,
1720 4597 1803 4663 39
1869 4598 2112 4661 addidit
2160 4597 2432 4677 facinori
2483 4597 2667 4678 fidem
2724 4595 2981 4661 notabili
