3303 5235
1173 341 1470 411 Appendix
1507 341 1721 396 critica.
2552 341 2675 404 133

247 505 349 587 25,
395 503 482 590 5).
563 505 674 568 sed
720 505 1187 588 interpretandi
1233 506 1488 589 moduS,
1543 526 1673 591 quo
1720 505 1843 568 iste
1892 525 2047 569 usus
2094 512 2220 587 est,
2268 504 2677 568 artificiosior

246 611 554 674 videbitur
598 614 665 675 et
721 610 964 694 durior,
1024 634 1218 697 quam
1271 615 1347 677 ut
1401 597 1725 696 cuiquam¹
1759 611 2134 696 persuaderi
2179 611 2401 695 possit.
2483 611 2679 674 inter-

242 719 468 802 pungit
533 718 732 781 enim:
808 740 1067 782 verum
1130 719 1320 784 haec
1384 718 1610 783 nobis
1678 717 2039 801 maiores3
2105 716 2534 782 certamina
2599 739 2686 781 ex

242 825 558 889 honesto
603 828 985 890 maneant.
1069 848 1233 910 quae
1289 826 1487 891 verba
1531 824 2067 906 interpretatione
2124 824 2410 888 illustrat
2456 824 2671 888 admo-

241 933 386 994 dum
425 931 651 996 audaci
697 935 773 996 ut
805 932 996 997 nobis
1033 933 1304 998 videtur.
1379 930 1538 995 dicit
1573 931 1743 994 enim
1782 930 1959 994 Roth
2002 934 2315 1015 tanquam
2360 953 2427 995 se
2472 931 2684 1014 ipsum

240 1038 664 1123 corrigentem
703 1038 1001 1104 Tacitum
1040 1041 1246 1106 redire
1268 1040 1364 1132 ‘ad
1403 1060 1545 1102 eam
1584 1038 1899 1102 orationis
1935 1041 2215 1121 partem,
2264 1059 2427 1122 quae
2473 1038 2684 1102 verbis

239 1147 432 1209 dites
481 1145 664 1209 olim
719 1147 984 1229 incepta
1037 1151 1103 1210 et
1146 1146 1360 1211 verbis
1419 1145 1547 1210 sed
1602 1145 2073 1228 praecipuus
2122 1144 2484 1208 adstricti
2532 1166 2684 1209 mo-

239 1252 345 1316 ris
410 1255 683 1316 auctor
745 1253 1110 1338 interrupta
1166 1255 1282 1337 sit,
1333 1253 1414 1317 -id
1479 1252 1650 1338 quod
1714 1253 1833 1316 fiat
1896 1250 2111 1316 verbis
2178 1273 2432 1315 verum
2498 1251 2685 1316 haec

237 1359 456 1423 nobis
516 1381 628 1443 qu.
677 1381 831 1444 squ.
897 1363 1060 1444 quae
1120 1361 1283 1426 nihil
1341 1360 1513 1425 aliud
1570 1358 1960 1444 significent,
2017 1380 2237 1442 quam:
2301 1357 2461 1422 haec
2518 1361 2687 1441 sunt,

241 1487 394 1550 quae
442 1466 722 1530 maiores
761 1464 838 1530 de
877 1488 1130 1532 morum
1167 1468 1528 1533 mutatione
1567 1466 1913 1530 memoriae
1957 1464 2404 1548 prodiderunt,
2451 1465 2681 1548 quibus

237 1570 346 1656 (sc.
393 1570 644 1658 verbis)
702 1574 998 1657 quaestio
1053 1575 1384 1658 persoluta
1431 1577 1556 1656 est,
1615 1573 1728 1636 sed
1776 1594 2105 1656 speremus
2154 1571 2320 1655 fore,
2366 1574 2440 1634 ut
2486 1574 2686 1635 certa-

236 1679 404 1742 mina
449 1679 734 1743 honesta
789 1683 1230 1763 permaneant.
1305 1680 1783 1764 oppositionem
1846 1679 2171 1762 quandam
2232 1699 2372 1743 esse
2429 1678 2528 1743 vir
2574 1678 2686 1742 ille

234 1785 454 1850 doctus
495 1785 851 1869 contendit,
886 1809 1052 1870 quae
1089 1787 1446 1853 intercedat
1481 1787 1654 1850 inter
1680 1805 1906 1851 vocem
1944 1789 2310 1850 maneant
2348 1789 2413 1849 et
2450 1786 2689 1850 maio-

236 1914 377 1975 reS,
443 1892 685 1976 quippe
741 1893 844 1956 cui
899 1893 1055 1958 insit
1107 1895 1290 1959 notio
1346 1894 1695 1979 praeteriti.
1789 1893 1900 1956 sed
1956 1894 2183 1956 contra
2240 1893 2411 1956 hanc
2467 1891 2690 1956 Rothii

241 1999 651 2081 sententiam,
713 2019 746 2061 e
795 2021 920 2082 qua
966 2001 1290 2084 oppositio
1352 2000 1667 2084 quaedam
1720 1998 2080 2064 intercedat
2131 2000 2305 2064 inter
2350 1998 2689 2064 maiores

240 2127 448 2170 vocem
499 2107 569 2168 et
614 2109 982 2196 maneant
1036 2127 1352 2190 veremur,
1413 2127 1496 2170 ne
1543 2106 1796 2171 dicatur
1850 2127 1982 2170 non
2040 2127 2179 2170 esse
2228 2106 2327 2169 sui
2381 2106 2508 2170 loci
2555 2127 2687 2169 ver-

241 2212 381 2276 bum
428 2215 825 2294 maneant,
873 2212 984 2275 sed
1029 2234 1145 2295 per
1189 2211 1529 2295 emphasin
1568 2211 2041 2296 quodammodo
2091 2215 2241 2275 ante
2281 2211 2686 2275 enuntiatum

240 2341 365 2384 esse
402 2318 808 2403 ponendum:
856 2313 1114 2383 verum
1149 2319 1337 2383 haec
1373 2319 1599 2383 nobis
1639 2318 2003 2400 maiores3
2052 2321 2408 2382 maneant
2445 2322 2691 2383 certa-

243 2427 428 2491 mina
475 2447 571 2490 ex
615 2426 966 2490 honesto.
1047 2447 1200 2488 nam
1250 2425 1443 2489 verbo
1501 2427 1869 2489 maneant
1924 2427 2077 2507 post
2129 2427 2342 2488 totum
2399 2425 2692 2488 enuntia-

247 2535 370 2596 tum
394 2531 618 2617 posito
648 2553 784 2596 non
813 2531 1020 2596 inesse
1049 2531 1230 2594 illam
1260 2532 1392 2597 vim
1423 2552 1616 2614 quam
1645 2529 1821 2596 Roth
1850 2529 2008 2594 velit
2037 2530 2281 2615 liquido
2310 2533 2509 2613 patet.
2564 2531 2691 2596 huc

257 2641 506 2725 accedit,
586 2638 757 2724 quod
821 2640 922 2703 vel
988 2661 1026 2703 a
1097 2637 1307 2703 Taciti
1370 2637 1680 2721 loquendi
1746 2659 1867 2702 usu
1933 2638 2241 2702 abhorret
2308 2659 2518 2721 pauca
2581 2640 2694 2704 illa

251 2748 426 2812 verba
476 2746 844 2825 discernere
899 2745 969 2809 in
1017 2745 1143 2809 duo
1192 2746 1529 2811 enuntiata
1572 2749 1709 2809 tam
1758 2766 1983 2829 aspere
2038 2746 2209 2810 inter
2256 2767 2323 2810 se
2372 2746 2693 2831 opposita.

247 2856 474 2918 corruit
550 2853 750 2938 igitur
813 2852 1039 2917 Rothii
1105 2852 1452 2936 sententia,
1525 2874 1920 2937 quamquam
1982 2852 2197 2916 verbis
2262 2853 2413 2917 nisi
2491 2853 2524 2916 f
2528 2856 2692 2917 orte

246 2978 380 3021 eam
426 2958 744 3024 orationis
792 2963 1070 3042 partem,
1117 2980 1280 3041 quae
1327 2980 1580 3022 morum
1627 2959 2053 3023 mutationem
2100 2959 2448 3043 describat,
2498 2960 2693 3024 inter-

242 3067 446 3151 rumpi
503 3086 697 3129 nemo
754 3065 1109 3150 negaverit.
1168 3100 1250 3111 ——-
1318 3062 1691 3128 Sententiae
1755 3086 1949 3148 quam
2013 3065 2204 3129 modo
2269 3065 2693 3130 refutavimus

241 3173 532 3254 proxima
578 3173 678 3235 est
722 3169 1009 3235 Walchii
1055 3171 1531 3257 interpretatio,
1579 3171 1689 3255 qui
1716 3192 1893 3236 -voce
1939 3171 2273 3236 maiores
2320 3175 2571 3236 mutata
2618 3173 2686 3237 in

245 3280 480 3343 maior
538 3298 654 3341 res
711 3277 918 3341 lucem
973 3277 1114 3342 loco
1171 3278 1468 3342 intulisse
1534 3278 1657 3341 sibi
1715 3277 1982 3342 videtur.
2068 3300 2142 3341 ac
2199 3282 2513 3363 quantum
2569 3300 2687 3344 nos

242 3384 670 3469 intellegimus
727 3382 1010 3448 Walchii
1067 3385 1488 3449 mutationem
1549 3406 1741 3467 quam
1801 3383 2163 3448 accuratius
2221 3406 2355 3449 non
2411 3385 2687 3470 explica-

245 3492 361 3575 vit,
398 3510 590 3557 voces
631 3512 888 3555 verum
921 3491 1108 3556 haec
1144 3491 1367 3555 nobis
1407 3490 1648 3554 maior
1685 3512 1804 3553 res
1842 3490 2173 3573 pertinent
2200 3491 2283 3555 ad
2314 3491 2694 3556 anteceden-

243 3598 334 3663 tia
377 3596 538 3662 nisi
584 3596 791 3662 forte
839 3648 852 3661 .
893 3646 908 3661 .
947 3647 962 3662 .
998 3649 1012 3662 .
1059 3600 1245 3663 tulit
1289 3601 1599 3681 tanquam
1647 3597 1703 3659 si
1732 3596 1993 3659 Tacitus
2042 3595 2249 3660 dicere
2287 3598 2579 3681 voluerit,
2627 3620 2693 3661 se

246 3706 516 3770 missum
562 3703 818 3787 fecisse,
873 3708 1092 3769 utrum
1139 3703 1541 3787 Vespasiano
1600 3706 1860 3767 auctore
1909 3724 1992 3766 an
2038 3707 2400 3788 temporum
2450 3704 2694 3768 vicissi-
2774 3711 2779 3717 '

244 3813 463 3876 tudine
509 3811 797 3894 ipsorum
844 3811 1116 3876 mutatio
1162 3832 1411 3875 morum
1461 3810 1637 3874 facta
1685 3810 1795 3893 sit,
1856 3809 2283 3873 difficiliorem
2332 3810 2503 3873 enim
2549 3830 2691 3874 esse

249 3918 722 4001 quaestionem,
777 3917 890 3982 sed
945 3920 1252 3981 maneant
1299 3917 1656 3981 certamina
1702 3938 1778 3980 ex
1825 3916 2102 3980 honesto
2160 3938 2227 3979 se
2282 3916 2461 3980 velle.
2544 3916 2695 3982 huic

246 4024 767 4109 interpretationi
824 4044 1044 4087 vocem
1103 4024 1343 4087 maior
1395 4024 1656 4087 obstare
1715 4022 1903 4087 facile
1959 4022 2385 4107 intellegitur,
2442 4023 2693 4087 etiamsi

250 4131 388 4212 quis
473 4130 684 4194 obiter
764 4130 978 4194 locum
1054 4130 1423 4214 inspexerit.
1533 4134 1865 4213 praeterea
1946 4164 2021 4175 ——
2101 4128 2167 4191 id
2251 4129 2419 4212 quod
2500 4151 2695 4212 supra

252 4236 325 4300 de
392 4236 618 4301 Rothii
678 4236 1210 4319 interpretatione
1275 4235 1644 4300 monuimus
1710 4258 1916 4320 pauca
1976 4236 2093 4299 illa
2164 4235 2364 4299 verba
2435 4236 2503 4299 in
2568 4236 2693 4301 duo

249 4344 584 4407 enuntiata
630 4345 765 4406 tam
812 4342 967 4406 dure
1014 4341 1320 4424 dividere,
1376 4346 1450 4407 ut
1497 4342 1650 4425 quid
1698 4342 1791 4406 rei
1838 4341 1924 4405 sit
1966 4342 2078 4406 vix
2124 4342 2542 4426 intellegatur
2589 4344 2690 4408 vel

253 4470 290 4512 a
333 4449 539 4513 Taciti
584 4469 816 4533 genere
864 4449 1182 4514 scribendi
1229 4449 1506 4514 alienum
1555 4452 1672 4514 est.
2026 4443 2062 4457 “

427 4554 642 4619 Aliam
725 4556 1107 4620 emendandi
1188 4556 1359 4620 viam
1442 4556 1773 4640 ingressus
1848 4558 1947 4619 est
2018 4554 2277 4637 Lipsius
2359 4556 2468 4639 qui
2544 4560 2692 4620 ante

257 4659 583 4725 maiores
628 4662 1176 4745 praepositionem
1223 4660 1299 4724 in
1348 4662 1633 4745 supplet,
1684 4683 1847 4747 quae
1900 4664 2207 4747 sequente
2251 4662 2441 4726 litera
2488 4685 2553 4727 m
2601 4664 2692 4731 fa-
