3303 5235
656 317 700 380 4
1757 319 1940 390 Caput
1974 319 2015 376 Ι.

836 479 1133 546 Ceterum
1182 504 1308 566 quo
1364 485 1552 566 pacto
1611 483 1855 552 factum
1918 484 2028 566 sit,
2085 486 2157 546 ut
2217 483 2597 567 gerundium
2652 484 2897 567 primae
2952 505 3143 566 quae

654 593 920 654 vocatur
983 588 1461 673 coniugationis
1528 595 1717 654 exeat
1776 590 1843 652 in
1907 591 2137 673 andem,
2216 590 2477 654 alterius
2539 591 2609 654 in
2666 591 2879 674 enduS,
2950 591 3141 654 aliae

658 694 903 760 formae
951 695 1249 759 desinant
1302 695 1371 759 in
1427 696 1660 760 iemdus
1718 693 2113 782 (oriundus),
2169 717 2487 780 exponere
2552 697 2742 761 huius
2798 697 2923 761 loci
2978 717 3139 760 non

660 805 776 867 est.
853 801 1094 866 sufficit
1137 801 1448 884 probasse
1489 802 1873 885 gerundium
1924 823 2063 866 esse
2109 803 2553 887 participium,
2608 803 2710 867 cui
2757 803 3139 867 sententiae

655 909 722 974 id
780 910 1041 973 obstare
1097 907 1265 991 quod
1311 929 1442 972 non
1504 908 1731 972 eadem
1783 908 2256 993 significatione
2304 909 2597 992 praedita
2644 909 2777 974 sint
2832 931 2986 974 cave
3038 932 3135 972 ne

657 1015 1017 1099 existimeS,
1080 1036 1231 1078 nam
1290 1013 1487 1078 etiam
1546 1013 1932 1099 gerundium
1997 1015 2212 1098 ipsum
2272 1019 2338 1078 et
2395 1015 2823 1098 gerundivum
2868 1015 3131 1080 variam

655 1123 901 1186 habent
945 1121 1279 1185 notionem
1319 1123 1384 1184 ct
1431 1124 1649 1184 tamen
1698 1143 1827 1184 una
1865 1124 2135 1186 utuntur
2180 1122 2589 1187 formatione.
2652 1122 2919 1186 nomina
2965 1122 3125 1205 ipsa

657 1227 1141 1314 gerundium,
1188 1227 1727 1311 gerundivum,
1774 1228 1925 1310 quia
1962 1250 2081 1291 usu
2119 1231 2427 1312 tanquam
2466 1229 2714 1292 sancita
2752 1231 2927 1310 sunt,
2976 1251 3123 1292 non

656 1335 1084 1419 repudiemus.
1168 1354 1286 1397 nec
1331 1356 1482 1400 vero
1532 1334 1704 1418 aliis,
1750 1357 1943 1418 quam
1994 1357 2155 1418 quae
2196 1335 2491 1416 exposita
2536 1339 2715 1418 sunt,
2762 1335 3125 1418 clementiS,

657 1441 817 1505 illud
868 1440 1167 1504 suffixum
1206 1444 1490 1524 constat,
1541 1442 1609 1504 in
1663 1442 1834 1526 quod
1887 1441 2280 1525 participum
2329 1442 2689 1524 praesentis
2742 1442 2901 1505 exit:
2958 1448 3127 1525 -ant,

657 1547 759 1611 vel
833 1550 1182 1630 praeeunte
1258 1547 1457 1630 stirpe
1529 1570 1695 1632 quae
1769 1548 2153 1612 vocabulum
2229 1548 2516 1611 continet
2581 1552 2702 1630 -nt,
2718 1545 2767 1632 1)
2846 1569 3124 1630 quarum

658 1658 995 1737 utramque
1043 1652 1318 1717 formam
1373 1654 1795 1738 aequabiliter
1833 1655 1927 1717 ita
1965 1654 2291 1737 usurpari,
2339 1656 2413 1716 ut
2448 1653 2559 1715 uni
2597 1651 2929 1736 eidemque
2968 1675 3125 1718 con-

659 1761 802 1826 silio
869 1759 1228 1824 inserviant
1293 1757 1556 1824 Curtius
1575 1758 1626 1841 2)
1694 1759 2179 1824 demonstravit.
2280 1781 2443 1842 quae
2507 1759 2709 1843 igitur
2771 1759 3125 1823 intercedit

621 1891 636 1908 ⁸
658 1867 1020 1931 differentia
1065 1865 1234 1930 inter
1280 1865 1741 1930 formationem
1790 1866 2117 1951 participii
2164 1870 2229 1929 et
2275 1864 2570 1950 gerundii
2618 1886 2693 1928 ea
2740 1868 2866 1948 est,
2926 1869 3000 1929 ut
3046 1866 3123 1928 in

657 1973 768 2056 illo
817 1972 1033 2036 suffixi
1067 1975 1260 2037 ειη-εἷο
1307 1972 1407 2036 vel
1445 1974 1620 2037 en-do
1669 1973 1850 2036 nulla
1896 1972 2155 2057 gravior
2201 1973 2317 2035 fiat
2362 1971 2668 2054 mutatio,
2714 1971 2783 2033 in
2829 1971 2951 2035 hoc
2998 1994 3115 2034 au-

657 2084 790 2144 tem
835 2079 1056 2143 littera
1100 2082 1130 2141 t
1175 2077 1243 2141 in
1283 2079 1320 2143 d
1370 2077 1740 2142 debilitetur
1786 2081 2049 2162 totaque
2088 2077 2317 2142 ultima
2356 2077 2606 2160 syllaba
2650 2077 2719 2140 in
2760 2075 3117 2140 secundam

658 2187 950 2249 transeat
1013 2183 1527 2250 declinationem.
1631 2206 1825 2268 quam
1896 2184 2391 2267 explicationem
2469 2183 2639 2247 haud
2708 2183 3125 2247 mediocriter

658 2291 999 2356 stabiliunt
1063 2290 1227 2355 tales
1292 2290 1566 2374 formae,
1631 2312 1797 2374 quae
1856 2312 2245 2375 quamquam
2310 2290 2605 2373 gerundii
2660 2290 3121 2354 formationem

658 2419 813 2481 prae
862 2418 930 2461 se
969 2397 1212 2482 ferunt,
1258 2401 1478 2462 tamen
1516 2397 2054 2482 significationem
2092 2397 2418 2481 participii
2456 2396 2816 2480 praesentis
2855 2395 3123 2480 habent,

666 2505 839 2569 sicut
886 2505 1194 2569 labundus
1232 2505 1530 2586 yleitend,
1569 2503 1682 2568 sed
1730 2504 1907 2568 aliud
1954 2508 2053 2567 est
2086 2505 2432 2586 periculum
2481 2503 2751 2568 labandi.

1818 2682 1962 2762 §2-

1023 2816 1102 2870 A.
1176 2816 1275 2869 De
1321 2813 1677 2900 participio
1723 2814 2097 2883 praesentis
2143 2816 2212 2869 et
2257 2812 2479 2869 futuri
2523 2814 2740 2870 activi.

839 2934 1257 3031 Participium
1301 2946 1660 3030 praesentis
1702 2947 2028 3031 significat
2075 2947 2423 3030 actionem,
2472 2968 2634 3031 quae
2684 2946 2907 3011 codem
2953 2949 3119 3009 tem—

659 3075 815 3137 pore
853 3057 1044 3137 atque
1083 3052 1204 3117 illa
1240 3053 1340 3136 fit,
1373 3052 1490 3116 ‘cui
1529 3053 1923 3137 supplendae
1961 3053 2063 3117 vel
2101 3053 2590 3136 amplificandae
2628 3053 2915 3117 inservit.
2989 3053 3110 3114 ita-

662 3181 783 3243 que
822 3160 1027 3223 multa
1063 3158 1427 3243 participia,
1463 3182 1609 3224 cum
1649 3160 1783 3223 sint
1820 3160 2137 3225 adiectiva
2172 3160 2476 3240 verbalia,
2513 3162 2810 3222 naturam
2851 3158 3111 3223 adiecti-

661 3287 887 3330 vorum
933 3264 1027 3329 ita
1071 3264 1416 3350 adoptasse
1465 3257 1747 3347 constat,
1802 3270 1877 3331 ut
1920 3287 2054 3331 non
2102 3288 2247 3330 cum
2297 3288 2370 3331 eo
2419 3288 2610 3349 quem
2657 3266 2835 3330 verbi
2880 3268 3111 3331 natura

662 3371 985 3435 desiderat
1029 3393 1211 3455 casu,
1257 3371 1368 3435 sed
1415 3392 1562 3435 cum
1607 3372 1909 3457 genetivo
1957 3372 2324 3455 iungantur.

841 3476 1018 3553 Quae
1087 3499 1240 3542 vero
1295 3477 1638 3561 participio
1707 3477 1908 3542 futuri
1966 3479 2160 3543 activi
2220 3477 2665 3564 designantur,
2722 3498 2798 3539 ea
2852 3496 2981 3538 non
3026 3473 3106 3538 ad

660 3604 998 3665 praesens,
1046 3583 1155 3647 sed
1195 3584 1276 3649 ad
1326 3569 1613 3649 futurum
1663 3576 1917 3668 tempus
1956 3586 2277 3669 pertinere
2320 3586 2531 3669 ipsum
2569 3604 2807 3647 nomen
2853 3579 3110 3644 indicat.

663 3711 818 3753 usus
857 3690 1058 3772 ipsius
1096 3691 1276 3756 varia
1314 3710 1550 3775 genera
1586 3690 1761 3754 infra
1797 3690 2306 3773 explicabuntur.
2376 3672 2677 3755 susfi‘xum
2714 3688 3105 3772 primitivum

663 3800 790 3879 tar,
845 3817 971 3879 quo
1017 3796 1284 3861 nomina
1329 3796 1585 3881 agentis
1641 3796 2033 3881 formantur,
2099 3798 2166 3861 in
2230 3799 2354 3862 hoc
2408 3797 2751 3881 participio
2808 3796 2877 3859 in
2938 3800 3106 3858 turus

662 3901 1123 3984 amplificatum
1170 3908 1283 3968 est.

865 4072 938 4127 B.
1001 4072 1100 4125 De
1147 4071 1499 4140 participio
1547 4071 1930 4140 imperfecti
1976 4072 2165 4140 quod
2210 4070 2460 4125 dieitur
2506 4068 2590 4122 de
2638 4070 2907 4122 conatu.

843 4184 1237 4250 Peculiarem
1277 4185 1504 4269 Taciti,
1540 4185 1780 4270 Vellei,
1820 4185 2108 4251 Sallustii
2151 4206 2337 4249 usum
2377 4205 2523 4248 eum
2563 4204 2863 4246 enarrare
2902 4182 3105 4264 liceat,

666 4313 791 4374 quo
837 4291 1179 4374 participia
1222 4292 1415 4376 plane
1451 4294 1535 4391 μή
1592 4292 1857 4355 verbum
1904 4292 2160 4355 finitum
2215 4290 2292 4354 de
2340 4291 2591 4355 actione
2639 4289 2936 4351 dicuntur
2980 4309 3103 4351 non

810 4468 866 4533 1)
913 4466 1071 4519 Hanc
1109 4465 1286 4519 solam
1325 4465 1397 4519 ab
1433 4464 1595 4518 initio
1633 4465 1805 4519 fnisse
1845 4466 2027 4519 suffixi
2075 4466 2317 4534 speciem
2358 4466 2641 4532 Bragman
2680 4462 2828 4515 Curt.
2861 4463 3002 4517 stud.
3030 4462 3104 4513 lx

663 4560 768 4607 329
790 4572 910 4621 sqq.
947 4553 1182 4623 probare
1222 4552 1424 4606 studet.

806 4645 862 4710 2)
903 4642 1122 4696 Griech.
1165 4634 1326 4693 verb.
1366 4641 1432 4693 11.
1475 4647 1592 4695 116.

3268 3178 3273 3505 Ι
