3303 5235
1083 325 1165 379 De
1203 325 1490 396 participii
1525 326 1727 380 natura
1762 326 2046 380 nominali.
2697 326 2785 388 45

331 491 560 572 qaudio
588 487 896 554 Blaesum
931 490 1192 554 visendo.
1247 488 1366 572 ΙΙΙ,
1393 489 1478 552 42
1515 489 1813 553 monendo
1850 489 2085 553 terruit.
2140 487 2253 571 ΙΙΙ,
2282 487 2369 552 54
2413 489 2785 552 remittendo.

337 596 450 680 IV,
504 597 582 660 14
627 597 910 661 iuventus
953 597 1041 660 ad
1082 596 1367 660 dilectum
1410 595 1740 660 vocabatur
1782 615 1960 676 quem
2004 599 2221 676 suapte
2263 600 2496 659 natura
2535 615 2786 677 yravem

336 701 630 768 onerabat
679 703 958 768 ministri
1013 703 1288 765 avaritia
1331 706 1389 765 et
1434 702 1589 766 luxu
1643 721 1811 767 senes
1856 705 1969 764 aut
2006 701 2317 796 invalidos
2361 701 2783 782 conquirendo.

331 811 448 895 IV,
500 812 578 875 17
626 811 1000 875 remittendo.
1072 808 1188 891 IV,
1241 809 1319 872 19
1376 809 1575 874 multa
1629 809 1994 872 concedendo
2048 806 2207 872 nihil
2260 808 2442 872 aliud
2494 807 2784 886 effecerat.

332 918 452 1003 IV,
495 919 580 982 41
629 918 932 982 miscendo
977 936 1133 997 quae
1177 915 1490 994 defendere
1541 914 1846 996 nequibat.
1931 911 2144 996 Agric.
2196 914 2277 976 15
2332 913 2785 994 interpretando

337 1026 668 1089 accendere.
751 1024 837 1087 20
891 1020 1356 1104 comprimendo.
1430 1019 1576 1084 dial.
1630 1020 1713 1084 14
1766 1021 1960 1084 vitam
2014 1019 2417 1099 componendo
2471 1038 2638 1100 spem
2683 1018 2785 1083 bo-

332 1131 608 1194 minibus
648 1130 848 1210 fecisti
881 1129 1166 1210 plurium
1213 1128 1511 1192 eiusmodi
1557 1127 1901 1192 liberorum.
1974 1125 2058 1189 27
2107 1127 2370 1190 maiores
2416 1130 2548 1189 tuos
2605 1126 2784 1191 laces-

328 1239 535 1302 sendo.
610 1237 696 1301 36
741 1237 973 1300 urendo
1019 1235 1308 1301 clarescit.
1383 1257 1530 1299 ann.
1577 1233 1691 1317 IV,
1739 1225 1824 1298 52
1870 1234 2247 1316 capessendis
2300 1233 2786 1296 accusationibus

333 1350 447 1409 aut
489 1363 622 1408 reos
668 1343 922 1407 tutando
956 1343 1344 1423 prosperiore
1389 1341 1761 1422 eloquentiae
1803 1362 1993 1422 quam
2046 1361 2288 1404 morum
2337 1340 2517 1421 fama
2562 1346 2709 1405 erat.
2734 1337 2783 1425 ¹)

335 1450 494 1514 hist.
535 1448 649 1532 IV,
696 1433 782 1514 26
827 1449 1158 1514 muniendo
1201 1449 1606 1530 vallandoque
1651 1453 1709 1512 et
1750 1450 1959 1513 ceteris
1998 1448 2138 1512 belli
2182 1449 2628 1514 meditamentis
2672 1449 2785 1512 mi-

340 1557 506 1620 litem
550 1555 901 1638 firmabant.

650 1689 721 1752 b)
767 1687 1016 1745 Vellei:

506 1785 599 1870 H,
648 1788 684 1850 7
732 1787 1036 1868 quidquid
1077 1786 1506 1851 tumultuando
1550 1786 1813 1869 adipisci
1850 1785 2203 1868 gestierunt.
2276 1783 2341 1847 II
2353 1835 2371 1870 ‚
2404 1786 2485 1849 16
2510 1786 2784 1868 populus

325 1892 659 1958 Romanus
696 1894 971 1976 qratiam
1015 1892 1254 1956 rettulit
1295 1892 1500 1973 ipsum
1545 1893 1785 1956 viritim
1830 1892 2069 1956 civitate
2104 1891 2391 1955 donando
2426 1892 2577 1956 duos
2618 1893 2784 1974 filios

328 2000 462 2063 eius
525 2001 786 2064 creando
837 2003 1171 2080 praetores.
1253 1998 1336 2061 ib.
1391 1999 1733 2080 recipiendo
1794 1999 1863 2062 in
1907 1999 2209 2062 civitatem
2266 1998 2376 2078 qui
2433 2019 2616 2063 arma
2673 2002 2787 2062 aut

329 2126 456 2169 non
499 2109 853 2186 receperant
893 2109 1008 2168 aut
1051 2153 1066 2168 .
1105 2154 1118 2168 .
1157 2152 1172 2167 .
1210 2153 1224 2168 .
1272 2105 1433 2169 vires
1475 2104 1732 2184 refectae
1772 2108 1933 2168 sunt.
1992 2102 2084 2186 ΙΙ,
2131 2104 2218 2167 44
2264 2105 2787 2170 animadvertebat

219 2235 224 2239 ·
336 2208 632 2296 (Caesar)
679 2230 744 2275 se
778 2212 1031 2276 cedendo
1068 2210 1324 2292 Pompei
1353 2211 1590 2292 qloriae
1625 2215 1953 2275 aucturum
1997 2229 2195 2274 suam.
2267 2210 2349 2294 H,
2388 2209 2473 2274 56
2518 2211 2782 2275 alterum

323 2318 737 2398 promittendo
796 2317 1180 2381 consulatum
1241 2337 1368 2380 non
1427 2317 1799 2399 obliqaverat
1850 2320 2064 2380 contra
2117 2315 2451 2396 differendo
2499 2313 2783 2380 Cassium

336 2423 686 2502 offenderat.
746 2421 832 2506 ΙΙ,
861 2421 946 2486 66
990 2421 1152 2486 nihil
1185 2423 1360 2504 eyisti
1395 2423 1720 2487 mercedem
1756 2423 2164 2487 coelestissimi
2199 2417 2331 2486 oris
2359 2427 2416 2486 ct
2450 2422 2785 2486 clarissimi

343 2529 558 2611 capitis
597 2530 821 2594 abscisi
865 2529 1264 2593 numerando,
1338 2527 1421 2612 ΙΙ,
1468 2529 1554 2593 80
1598 2529 1947 2593 dissidendo
1992 2530 2063 2592 in
2109 2528 2383 2594 conciliis
2429 2525 2685 2592 Caesari
2728 2533 2786 2592 et

333 2656 563 2717 semper
615 2638 857 2702 diversa
909 2638 992 2701 iis
1034 2656 1190 2718 quae
1243 2636 1390 2700 aliis
1424 2636 1753 2717 placebant
1804 2636 2053 2701 dicendo
2110 2640 2298 2699 totam
2344 2624 2665 2699 victoriam
2710 2639 2782 2698 ut

331 2762 513 2807 suam
557 2743 1088 2825 interpretabatur.
1161 2740 1254 2825 ΙΙ,
1306 2742 1430 2805 108
1477 2743 1802 2808 εωθνοθηιῐο
1835 2742 2273 2824 praeparabat.
2345 2740 2429 2826 ΙΙ,
2481 2741 2606 2805 120
2651 2762 2779 2805 ma-

333 2854 466 2913 ture
511 2851 598 2915 ad
645 2850 950 2931 inferiora
1002 2849 1256 2913 hiberna
1309 2850 1710 2914 descendendo
1762 2850 2189 2914 vacillantium
2243 2850 2429 2913 etiam
2484 2842 2571 2913 cis
2615 2848 2779 2913 Rhe-

329 2976 484 3021 num
529 2957 797 3022 sitarum
834 2957 1110 3039 yentium
1155 2956 1399 3020 animos
1441 2955 1844 3037 confirmavit.
1905 2953 1987 3037 ΙΙ,
2021 2955 2098 3018 17
2106 2954 2147 3017 6
2188 2954 2390 3034 facere
2433 2958 2587 3017 recte
2632 2955 2782 3019 civis

329 3082 474 3127 suos
507 3063 798 3145 princeps
842 3062 1106 3144 optimus
1147 3060 1429 3141 faciendo
1475 3062 1655 3126 docet.

655 3197 715 3260 o)
763 3194 1095 3255 Sallustii:

459 3392 472 3406 ἱ
513 3308 653 3377 Cat.
703 3312 738 3375 7
751 3361 771 3393 ‚
819 3311 855 3374 7
911 3330 1249 3375 memorare
1292 3330 1536 3392 possem
1582 3359 1595 3374 .
1635 3360 1649 3376 .
1690 3361 1703 3374 .
1742 3358 1757 3372 .
1802 3328 1952 3391 quos
1994 3308 2165 3372 urbis
2216 3312 2451 3373 natura
2505 3309 2781 3373 munitas

319 3418 662 3499 puynando
698 3419 932 3499 ceperit.
979 3418 1083 3500 26,
1113 3417 1152 3482 3
1191 3417 1388 3481 multa
1417 3417 1753 3499 pollicendo
1782 3436 1895 3497 per
1922 3414 2220 3479 Fulviam
2254 3413 2546 3494 effecerat.
2602 3415 2707 3498 38,
2740 3416 2772 3477 1

331 3544 568 3605 coepere
619 3530 900 3589 senatum
954 3524 1342 3589 criminando
1383 3524 1622 3606 plebem
1676 3523 1989 3604 exaqitare
2032 3522 2173 3587 dein
2229 3522 2553 3604 larqiundo
2598 3526 2779 3603 atque

325 3628 728 3709 pollicitando
774 3634 974 3714 maqis
1017 3632 1344 3695 incendere.
1405 3631 1510 3715 42,
1548 3632 1590 3695 2
1631 3630 2002 3711 festinandO,
2047 3630 2340 3711 aqitando
2386 3629 2598 3693 omnia
2630 3628 2781 3711 plus

337 3736 577 3801 timoris
618 3758 806 3819 quam
842 3737 1106 3820 periculi
1140 3735 1478 3816 effecerant.
1536 3737 1642 3821 43,
1672 3737 1712 3800 3
1759 3736 1899 3801 illos
1942 3734 2277 3800 dubitando
2314 3740 2371 3799 et
2404 3736 2533 3799 dies
2565 3735 2779 3816 prola—

335 3844 522 3907 tando
585 3863 848 3927 maqnas
909 3844 1386 3927 opportunitates
1457 3864 1854 3925 corrumpere.
1944 3842 2060 3926 49,
2123 3843 2167 3905 4
2236 3842 2359 3922 ipsi
2419 3842 2781 3923 sinqulatim

335 3948 762 4015 circumeundo
807 3955 986 4032 atque
1023 3950 1405 4014 ementiundo
1453 4000 1467 4014 .
1497 3999 1511 4013 .
1543 4000 1556 4014 .
1586 4000 1600 4014 .
1646 3970 1941 4034 magnam
1976 3948 2076 4012 illi
2112 3945 2435 4032 (Caesari)
2476 3947 2780 4011 invidiam

338 4054 764 4134 conflaverant.
847 4056 959 4141 52,
1005 4056 1090 4120 29
1151 4057 1490 4138 viqiland0‚
1544 4059 1790 4140 aqundo
1802 4107 1819 4140 ‚
1872 4055 2015 4119 bene
2072 4053 2444 4119 consulundo
2491 4074 2782 4135 prospere

337 4160 548 4225 omnia
604 4164 838 4227 cedunt.
911 4162 1026 4245 54,
1081 4161 1124 4225 3
1185 4160 1414 4227 Caesar
1467 4164 1671 4228 dando
1684 4213 1700 4246 ,
1754 4162 2143 4239 sublevando,
2202 4160 2572 4241 iqnoscundo
2628 4158 2779 4226 C'ato

331 4266 496 4333 nihil
540 4269 869 4351 larqiundo
907 4270 1176 4351 ¹qloriam
1221 4270 1475 4352 adeptus
1519 4275 1620 4335 est.
1696 4269 1800 4353 59,
1846 4269 1887 4332 6
1932 4288 2005 4331 ea
2049 4267 2570 4331 commemorando
2614 4268 2777 4332 mili-

481 4477 534 4545 1)
566 4475 676 4531 Cur
701 4478 810 4532 hoc
837 4477 962 4534 loco
992 4479 1050 4533 et
1075 4476 1370 4548 gerundivi
1397 4479 1676 4533 structura
1704 4478 1763 4531 eb
1788 4475 2044 4547 gerundii
2070 4492 2183 4530 una
2210 4476 2557 4545 adhibeatur,
2586 4494 2778 4547 quam-

331 4581 502 4634 quam
537 4582 764 4635 prorsus
795 4566 992 4620 eadem
1027 4566 1172 4621 ratio
1209 4566 1416 4633 subest,
1454 4582 1566 4621 non
1601 4565 1708 4620 nisi
1738 4582 1804 4620 ex
1831 4565 2085 4619 variandi
2124 4565 2308 4621 studio
2348 4564 2779 4619 concinnitatis-

333 4670 444 4724 que
483 4653 614 4709 odio
649 4653 1014 4724 intellegitur.
