3303 5235
506 331 593 396 48
1595 333 1781 404 Caput
1814 335 1883 390 11.

505 495 912 576 exploratores
957 497 1394 562 circumductos
1439 547 1454 560 .
1493 547 1506 561 .
1545 545 1563 562 .
1601 547 1615 562 .
1661 498 2035 562 remittendo.
2095 496 2211 581 ΠΙ,
2240 498 2321 562 61
2372 500 2645 582 auqendo
2690 501 2957 564 rumori—

507 600 617 666 bus
669 603 968 667 virtutum
1022 603 1341 685 copiasque
1397 602 1679 668 hostium.
1762 602 1820 688 Ι,
1868 605 1903 666 7
1913 605 1948 666 7
1994 603 2293 685 pleraque
2338 654 2351 668 .
2391 655 2404 669 .
2445 655 2458 668 .
2497 656 2510 668 .
2546 607 2959 687 properando,

505 705 597 785 ΙΙ,
645 708 729 772 29
775 708 896 774 huo
932 709 1214 790 ferociter
1266 711 1571 773 iactando,
1655 707 1713 793 Ι,
1762 708 1847 773 65
1894 709 2224 790 referendo.
2306 709 2402 792 H,
2448 710 2535 775 35
2582 712 2959 794 qladiatores

503 814 765 878 navibus
808 815 1120 880 molientes
1168 813 1470 880 Germani
1523 816 1759 895 nand0,
1802 815 2288 896 perlabebantur.
2361 814 2455 900 ΙΙ,
2499 818 2585 882 48
2643 819 2955 883 laudando

493 920 786 1000 pietatem
830 921 961 985 eius
1005 922 1361 1004 castiyando
1401 921 1817 1002 formidinem.
1875 920 1993 1002 ΠΙ,
2023 921 2061 986 8
2108 923 2317 986 eadem
2344 923 2687 988 Mucianus
2730 925 2956 990 crebris

505 1026 776 1106 epistolis
818 1027 1098 1092 monebat
1141 1028 1526 1091 incruentam
1569 1047 1633 1092 se
1680 1028 1846 1092 luctu
1888 1028 2211 1092 victoriam
2254 1033 2314 1092 et
2364 1030 2498 1094 alia
2542 1029 2958 1095 huiuscemodi

493 1133 904 1212 praetexendo
947 1134 1055 1197 sed
1090 1133 1327 1216 qloriae
1371 1135 1592 1199 avidus
1635 1139 1818 1215 atque
1860 1154 2038 1198 omne
2090 1135 2231 1199 belli
2274 1136 2454 1200 decus
2496 1136 2617 1200 sibi
2672 1137 2955 1202 retinens.

504 1237 620 1322 IV,
663 1240 746 1304 41
797 1240 1115 1304 miscendo.
1171 1238 1220 1323 Ι,
1257 1241 1343 1304 23
1389 1242 1599 1306 studia
1641 1241 1917 1305 militum
1961 1242 2092 1306 iam
2127 1243 2374 1324 pridem
2416 1262 2522 1325 spe
2565 1246 2955 1309 successionis

503 1350 619 1409 aut
649 1351 890 1428 paratu
930 1346 1234 1427 facinoris
1270 1345 1663 1426 affectaverat
1708 1348 1779 1411 in
1822 1347 2042 1411 itinere
2084 1348 2153 1411 in
2190 1351 2437 1431 aymine
2480 1350 2551 1414 in
2584 1351 2953 1416 stationibus

501 1454 974 1518 vetustissimum
1007 1473 1298 1534 quemque
1323 1455 1596 1519 militum
1631 1456 1880 1519 nomine
1904 1473 2126 1518 vocans
2161 1475 2236 1520 ac
2270 1457 2568 1521 memoria
2596 1456 2948 1522 Neroniani

502 1562 824 1626 comitatus
851 1561 1304 1626 contubernales
1339 1562 1722 1644 appellando,
1788 1561 1873 1625 ib.
1910 1561 2229 1626 inserendo
2255 1563 2569 1644 querellas,
2632 1562 2717 1647 ΙΙ,
2743 1564 2831 1628 48
2866 1585 2957 1628 re-

503 1669 821 1732 manendo.
897 1666 1115 1753 Agric.
1147 1667 1234 1731 20
1271 1670 1596 1749 parcendo,
1668 1668 1750 1731 21
1801 1668 2113 1733 laudando
2146 1673 2467 1750 promptos
2502 1673 2560 1733 et
2600 1670 2956 1752 castiqando

501 1793 721 1856 seques.
789 1773 1002 1838 Germ.
1032 1775 1119 1837 22
1155 1774 1316 1838 diem
1351 1778 1697 1856 noctemque
1731 1774 2089 1838 continuare
2123 1777 2397 1857 potando
2440 1776 2604 1841 nulli
2635 1777 2953 1858 probrum.

505 1881 591 1944 24
636 1882 694 1946 si
732 1881 1064 1946 indulseris
1108 1879 1384 1944 ebrietati
1417 1881 1785 1964 suqqerendo
1821 1885 2127 1962 quantum
2161 1882 2605 1964 concupiscunt.
2678 1883 2827 1948 dial.
2875 1885 2906 1948 1
2919 1885 2950 1948 1

497 1991 630 2050 arte
665 1988 936 2068 quadam
970 1987 1280 2068 mitigavit
1312 1988 1679 2052 concedendo
1724 1987 1806 2052 iis
1840 1987 1949 2068 qui
1984 2007 2204 2053 causas
2237 2009 2415 2071 aqere
2448 2009 2575 2054 non
2600 1995 2853 2072 possent
2886 1995 2958 2054 ut

500 2114 708 2158 versus
738 2094 1025 2175 facerent.
1095 2093 1180 2156 33
1226 2094 1382 2182 satis
1417 2095 1861 2158 demonstrasse
1904 2092 2110 2158 videor
2144 2095 2403 2161 docendo
2440 2097 2660 2178 quibus
2695 2097 2950 2162 artibus.

503 2200 672 2265 Vell.
700 2199 784 2285 ΙΙ,
813 2201 898 2265 62
935 2221 1074 2265 cum
1109 2221 1244 2264 eam
1279 2201 1586 2264 iniuriam
1623 2199 2071 2265 dissimulando
2112 2199 2341 2267 Caesar
2373 2205 2503 2286 ipse
2534 2203 2737 2284 ferret.
2794 2201 2955 2268 Sall.

503 2307 644 2372 Cat.
690 2309 760 2389 4,
813 2308 844 2371 1
902 2328 1028 2372 non
1068 2308 1198 2389 fuit
1239 2308 1564 2373 consilium
1611 2357 1624 2372 .
1665 2357 1677 2371 .
1717 2356 1730 2371 .
1778 2327 2001 2390 ayrum
2045 2309 2301 2374 colundo
2346 2315 2459 2374 aut
2510 2311 2784 2375 venando
2831 2330 2955 2374 ser-

501 2416 722 2480 vilibus
777 2414 1002 2497 officiis
1054 2415 1358 2479 intentum
1404 2419 1663 2480 aetatem
1708 2434 1899 2497 aqere.
1974 2413 2115 2499 Iug.
2166 2416 2231 2498 7,
2276 2416 2320 2478 4
2366 2415 2801 2480 modestissime
2832 2437 2953 2498 pa-

503 2524 691 2587 rendo
736 2527 793 2586 et
833 2541 1011 2604 saepe
1055 2522 1292 2586 obviam
1337 2523 1532 2586 etindo
1565 2520 1869 2604 periculis
1914 2520 1981 2583 in
2029 2524 2266 2585 tautam
2313 2521 2743 2586 claritudinem
2788 2521 2953 2586 brevi

488 2636 863 2714 pervenerat.
928 2630 1027 2713 13,
1055 2630 1094 2694 8
1139 2629 1414 2711 sinqulos
1450 2649 1523 2692 ex
1557 2632 1777 2693 senatu
1813 2626 2145 2691 ambiundo
2190 2628 2546 2693 nitebantur
2578 2648 2657 2692 ne
2694 2629 2947 2711 qravius

501 2738 570 2801 in
607 2757 742 2801 eum
779 2736 1201 2801 consuleretur.
1257 2735 1362 2817 28,
1394 2735 1429 2798 7
1470 2734 1695 2799 multos
1728 2732 2017 2797 mortales
2051 2737 2108 2797 et
2152 2734 2323 2799 urbis
2349 2735 2588 2816 aliquot
2608 2735 2947 2817 puynando

471 2844 667 2925 ,cepit
733 2843 841 2923 31,
877 2844 905 2905 1
958 2841 1105 2905 haec
1149 2845 1331 2923 atque
1377 2841 1533 2905 talia
1575 2840 1991 2904 huiuscemodi
2033 2840 2278 2922 saepius
2322 2842 2583 2907 dicundo
2612 2842 2951 2907 Memmius

487 2949 720 3032 populo
761 2949 1108 3031 persuadet.
1189 2946 1307 3031 45,
1352 2947 1393 3010 3
1443 2946 1819 3029 prohibendo
1864 2968 1907 3011 a
1960 2948 2201 3012 delectis
2258 2948 2457 3030 maqis
2508 2969 2697 3030 quam
2750 2949 2955 3014 vindi-

499 3056 693 3121 cando
739 3055 1068 3119 exercitum
1113 3054 1277 3119 brevi
1321 3053 1722 3136 confirmavit.
1786 3053 1893 3136 46,
1937 3053 1981 3115 4
2014 3054 2332 3135 paulatim
2377 3054 2725 3136 tenzptando
2770 3106 2784 3117 .
2824 3104 2839 3119 .
2882 3106 2895 3119 .
2937 3105 2951 3120 .

499 3162 698 3249 multa
729 3161 1072 3244 pollicendo
1117 3161 1464 3225 minitando
1507 3160 1853 3225 obtestando
1899 3160 2099 3225 alium
2144 3160 2271 3224 alio
2316 3162 2493 3225 modo
2538 3162 2818 3225 encitare.

1510 3426 1936 3435 -—-—————.

1471 3643 1753 3737 Caput
1826 3643 1969 3715 III.

1057 3769 1150 3875 De
1205 3806 1722 3895 participiorum
1775 3822 1904 3875 usu
1960 3804 2385 3877 attributivo.

1627 4034 1668 4111 s
1721 4031 1819 4096 10.

576 4188 673 4242 De
716 4183 1082 4257 participiis
1129 4197 1290 4241 eum
1336 4182 1781 4241 substantivis
1824 4195 1948 4252 pro
1994 4180 2433 4238 substantivis
2477 4180 2868 4237 verbalibus

1583 4288 1840 4360 positis.

672 4442 884 4508 Multa
939 4445 1092 4507 sunt
1143 4440 1214 4505 in
1277 4439 1506 4527 lingua
1559 4438 1823 4525 Latina,
1886 4460 2161 4523 quorum
2227 4438 2361 4505 vim
2418 4440 2485 4502 et
2542 4440 2944 4523 potestatem

499 4550 556 4615 is
601 4572 869 4636 prorsus
914 4571 1050 4615 non
1093 4547 1459 4634 intelleget,
1505 4546 1616 4631 qui
1660 4545 1731 4611 in
1775 4544 2155 4611 memoriam
2202 4566 2335 4611 non
2376 4544 2777 4610 revocaverit
2800 4532 2945 4608 'Ro-
3028 4544 3033 4549 ’

499 4679 728 4723 manos
773 4657 843 4722 in
887 4656 1261 4721 universum
1307 4654 1638 4739 cogitandi
1684 4653 1937 4718 ratione
1983 4650 2195 4735 magis
2236 4653 2537 4716 concreta
2584 4672 2745 4735 quae
2793 4649 2945 4715 diei·
