3303 5235
962 292 1042 345 De
1082 293 1514 363 participiorum
1548 296 1755 348 natura
1790 293 2021 348 verbali.
2598 295 2720 358 117

238 457 413 520 deis.
485 454 660 539 XIV,
705 457 784 520 10
817 457 1088 538 perfeeto
1133 457 1376 520 demum
1421 458 1649 521 scelere.
1723 454 1904 540 XIV,
1943 457 2027 521 22
2074 459 2254 538 quasi
2298 459 2429 520 iam
2474 459 2722 540 depulso

239 561 526 624 Nerone.
630 561 806 646 XIV,
855 564 942 626 30
995 564 1176 644 quasi
1221 564 1350 626 iam
1395 562 1785 628 haerentibus
1828 563 2129 627 membris.
2232 561 2408 645 XIV,
2456 564 2541 627 33
2590 569 2722 628 tan-

233 689 452 748 quam
499 719 512 732 .
551 716 566 732 .
606 719 618 732 .
660 718 673 734 .
707 674 1038 750 praerepta
1075 671 1326 734 interim
1361 670 1606 734 ultione.
1681 669 1856 753 XIV,
1887 669 1970 733 39
2017 669 2325 752 flaqrante
2359 671 2545 734 ctiam
2593 676 2722 735 tum

235 774 558 840 libertate.
658 774 834 853 XIV,
879 776 962 840 39
1025 781 1323 857 tamquam
1366 777 1628 840 durante
1672 775 1839 842 bello,
1940 775 2091 857 XV,
2140 776 2179 840 8
2234 778 2415 858 quasi
2458 779 2721 858 confecto

235 881 430 947 bello,
500 879 644 962 XV,
673 882 758 946 38
804 883 1086 963 quamvis
1110 887 1362 964 patente
1398 882 1642 964 effuin.
1708 881 1885 965 XIV,
1921 884 1999 947 13
2048 883 2292 948 labante
2322 872 2457 949 iam
2492 884 2721 966 Agrip-

220 989 430 1070 pina.
551 985 693 1070 XV,
741 988 824 1052 69
898 1009 1020 1054 nec.
1061 990 1190 1054 nisi
1241 994 1532 1070 provecta
1591 994 1777 1053 nocte.
1897 988 2081 1072 XVI,
2138 991 2179 1054 3
2244 992 2424 1070 quasi
2484 991 2719 1076 oblatis,

231 1114 430 1176 quas,
525 1093 674 1158 hist.
721 1093 750 1156 I
762 1144 779 1177 ,
825 1096 864 1160 3
911 1096 1192 1176 quamvis
1237 1095 1432 1178 capite
1476 1095 1690 1160 oblato.
1793 1095 1824 1159 I
1835 1144 1852 1177 ‚
1901 1096 1987 1159 34
2030 1096 2287 1161 viaedum
2332 1118 2560 1179 egresso
2608 1097 2715 1162 Pi-

232 1221 414 1266 sone.
504 1200 535 1264 I
547 1251 564 1283 ,
611 1201 695 1265 53
741 1223 848 1266 nec
889 1203 1019 1268 nisi
1063 1203 1251 1267 occiso
1300 1203 1558 1268 Nerone.
1641 1200 1674 1264 I
1688 1251 1705 1284 ,
1758 1202 1843 1265 60
1889 1221 2266 1284 quamquam
2309 1209 2535 1270 remoto
2580 1225 2717 1268 con-

233 1307 480 1372 sulari.
562 1307 624 1390 I,
665 1310 746 1372 72
793 1310 1014 1390 quippe
1059 1315 1144 1374 tot
1177 1309 1526 1389 interfectis.
1607 1307 1668 1387 I,
1706 1309 1792 1374 82
1836 1309 2000 1374 velut
2040 1315 2224 1391 capta
2268 1309 2429 1375 urbe.
2511 1310 2593 1395 Π,
2630 1313 2718 1376 20

233 1414 420 1478 νεῖαι
462 1415 679 1478 relicta
729 1415 1005 1480 saevitia.
1106 1414 1195 1498 II,
1244 1417 1329 1480 86
1393 1435 1769 1497 quamquam
1820 1415 2245 1481 consularibus
2299 1418 2513 1500 leyatis
2556 1418 2720 1482 nihil

239 1521 666 1586 turbantibus.
759 1519 888 1598 ΙΙΙ,
933 1520 1022 1584 50
1056 1523 1392 1604 profliyato
1438 1523 1570 1587 iam
1615 1521 1783 1586 bello,
1863 1519 1988 1605 III,
2035 1521 2121 1586 65
2164 1543 2539 1604 quamquam
2583 1546 2716 1589 ma-

233 1633 439 1697 nente
484 1629 824 1692 concordia.
905 1626 1001 1690 III
1012 1677 1029 1710 ,
1069 1629 1153 1692 66
1199 1629 1328 1693 nisi
1371 1627 1665 1694 exstincto
1710 1627 2101 1693 aemulatore.
2172 1628 2286 1710 IV,
2326 1631 2366 1694 3
2412 1631 2576 1696 velut
2618 1652 2715 1696 ex·

224 1737 426 1818 piato
475 1739 786 1798 terrarum
831 1732 984 1797 orbe.
1067 1733 1151 1798 ib.
1199 1739 1500 1816 tanquam
1543 1738 1826 1798 manente
1871 1733 2038 1800 bello,
2127 1733 2239 1813 IV,
2286 1737 2375 1800 44
2434 1739 2717 1817 quamvis

238 1861 534 1908 concesso
578 1841 728 1906 aliis
771 1840 1028 1904 redditu.
1111 1838 1223 1923 IV,
1271 1841 1350 1905 71
1399 1841 1560 1905 velut
1602 1841 1867 1921 confecto
1912 1840 2080 1905 bello.
2163 1840 2241 1924 V,
2285 1841 2363 1905 19
2408 1843 2571 1906 velut
2610 1844 2715 1908 ab·

239 1955 386 2013 acto
437 1968 639 2014 amne.
744 1946 858 2029 IV,
909 1947 993 2012 70
1046 1947 1208 2010 velut
1247 1952 1438 2028 parto
1483 1948 1758 2030 imperio.
1861 1946 2079 2032 Agric.
2130 1950 2210 2013 18
2274 1949 2436 2014 velut
2486 1952 2717 2016 omissa

244 2055 652 2137 expeditione.
734 2054 822 2118 40
875 2075 952 2118 ne
995 2053 1299 2134 appellato
1345 2053 1590 2142 quidem
1633 2075 1719 2118 ec.
1812 2053 2023 2119 Germ.
2075 2057 2109 2119 7
2166 2056 2329 2120 velut
2378 2057 2485 2120 deo
2532 2059 2715 2138 impe·

247 2167 449 2226 rante.
537 2162 620 2226 28
667 2161 950 2242 quamvis
993 2161 1250 2224 mutatis
1294 2159 1640 2224 cultoribus.
1726 2160 1805 2224 31
1857 2181 1965 2226 nec
2008 2160 2135 2226 nisi
2180 2181 2348 2226 caeso
2392 2162 2574 2228 hoste.

578 2311 666 2367 11.
713 2311 820 2365 Ex
864 2309 1157 2366 Velleio:

435 2427 506 2512 I,-
539 2428 618 2491 17
677 2427 856 2492 Velut
899 2431 1251 2508 occupatam
1288 2427 1637 2508 relinquens
1674 2427 1990 2490 materiem
2034 2429 2279 2509 quaerit
2320 2449 2555 2492 novam.
2631 2428 2722 2512 II,

269 2535 349 2597 47
411 2535 586 2599 veluti
631 2533 1036 2598 reconciliatis
1089 2533 1211 2616 sibi
1264 2534 1671 2614 optimatibus.
1758 2534 1847 2617 II,
1896 2535 1983 2598 64
2037 2539 2109 2597 αι
2151 2536 2376 2600 satiato
2422 2535 2716 2600 Antonio.

259 2640 344 2723 II,
393 2642 476 2707 85
531 2644 717 2706 etiam
763 2642 1027 2705 detracto
1072 2642 1284 2723 capite.
1368 2640 1459 2725 II,
1511 2628 1634 2706 117
1696 2643 1857 2707 velut
1899 2644 1969 2706 in
2022 2642 2130 2707 hoc
2173 2642 2389 2707 saltem
2435 2646 2715 2709 tandum-

261 2750 445 2813 modo
491 2749 836 2831 indulyeute
880 2747 1054 2811 nobis
1092 2748 1370 2827 fortuna.

582 2899 704 2954 111.
761 2899 872 2954 Ex
917 2896 1267 2953 Sallustio:

439 3012 581 3081 Cat.
626 3013 718 3097 II,
767 3015 805 3079 8
862 3012 1064 3081 Sicuti
1097 3014 1576 3095 pereyrinantes.
1660 3015 1732 3097 3,
1776 3016 1817 3079 2
1865 3014 2050 3079 veluti
2092 3017 2253 3095 ficta.
2337 3015 2477 3099 Iug.
2524 3017 2635 3095 38,
2674 3017 2715 3081 2

261 3122 443 3185 veluti
490 3122 804 3186 cedentem.
892 3119 1048 3202 100,
1093 3120 1134 3183 3
1181 3121 1362 3201 quasi
1405 3121 1578 3187 nullo
1621 3121 1923 3201 imposita.

438 3227 674 3291 Rarius
730 3226 1084 3310 particulae
1133 3229 1198 3289 et
1244 3226 1547 3290 adverbia
1604 3226 1799 3290 etiam
1866 3225 2180 3310 gerundio
2240 3232 2304 3290 et
2360 3228 2715 3312 gerundivo

253 3336 647 3419 iunguntur,
695 3356 820 3417 quo
869 3354 990 3396 usu
1037 3331 1238 3396 cuivis
1287 3336 1555 3417 apparet
1602 3336 1917 3415 quantum
1965 3332 2308 3416 efficiatur,
2366 3338 2440 3397 ut
2486 3334 2568 3397 ad
2613 3356 2715 3399 ra-

253 3446 473 3508 tiones
521 3464 712 3526 quam
758 3440 1067 3525 plurimas
1117 3439 1547 3525 designandas
1597 3439 1975 3523 gerundium
2024 3442 2091 3501 et
2137 3439 2556 3523 gerundivum
2608 3441 2714 3505 ad-

249 3549 467 3614 hiberi
528 3547 798 3631 possint.
899 3568 974 3611 ac
1031 3545 1376 3611 Sallustius
1432 3549 1498 3609 et
1552 3543 1839 3610 Velleius
1895 3546 2157 3629 perinde
2212 3550 2403 3629 atque
2461 3547 2713 3611 classici

258 3656 616 3738 scriptores
663 3654 996 3721 abstinent
1040 3650 1399 3736 particulis,
1456 3650 1809 3715 admittunt
1856 3656 2072 3717 autem
2128 3652 2447 3718 adverbia.
2530 3654 2717 3719 aliter

251 3785 363 3827 res
430 3784 498 3826 se
559 3761 760 3825 habet
823 3760 994 3843 apud
1051 3758 1374 3839 Tacitum,
1441 3758 1549 3842 qui
1615 3759 1949 3840 particulis
2013 3762 2409 3842 tanquam,
2474 3761 2715 3841 velut,

255 3867 517 3951 quasi,
563 3864 882 3930 nonnisi
927 3866 996 3930 in
1042 3865 1282 3929 talibus
1331 3864 1673 3931 structuris
1719 3864 1996 3931 libenter
2044 3866 2263 3932 utitur.
2336 3866 2403 3929 in
2452 3867 2713 3931 minori-

256 3977 384 4039 bus
431 3976 645 4039 autem
691 3971 900 4035 Taciti
946 3971 1202 4055 scriptis
1251 3971 1542 4055 exempla
1587 3993 1723 4035 non
1770 3975 2045 4037 exstant.

463 4149 529 4235 a)
577 4148 965 4213 Gerundio
1015 4152 1089 4212 et
1138 4149 1561 4233 gerundivo
1608 4120 2047 4231 particulae
2096 4150 2509 4213 adduntur:

446 4292 595 4357 Tac.
635 4313 782 4355 ann.
811 4290 934 4374 XI,
969 4293 993 4355 1
1045 4296 1342 4373 tanquam
1369 4293 1765 4373 opprimendo
1805 4292 1953 4357 bello
1990 4291 2351 4374 Crispinum
2389 4344 2401 4356 .
2430 4344 2445 4359 .
2478 4345 2489 4357 .
2528 4295 2714 4359 misit.

263 4399 388 4479 XI,
419 4400 502 4463 27
552 4398 714 4465 νεῖαι
745 4397 1270 4479 suscipiendorum
1307 4398 1604 4465 librorum
1641 4419 1847 4463 causa.
1912 4400 2092 4480 quasi
2126 4399 2598 4465 convincendum
2634 4401 2721 4463 ad

263 4506 504 4579 scelus„
563 4504 749 4588 XVI,
793 4505 874 4569 10
930 4509 1228 4586 tanquam
1280 4505 1547 4570 vivenda.
1635 4505 1786 4569 hist.
1833 4504 1891 4589 Ι,
1938 4506 2021 4571 58
2085 4526 2211 4571 non
2264 4506 2392 4571 nisi
2440 4507 2713 4587 fallendo

267 4612 499 4679 licebat.
