3303 5235
986 348 1069 401 De
1106 348 1532 418 participiorum
1569 369 1675 404 usu
1710 348 2057 404 attributivo.
2668 350 2755 416 55

286 517 352 578 et
378 513 610 577 indicio
625 511 937 594 patefacto
965 532 1038 576 ex
1051 513 1336 595 perfuyis
1363 513 1650 596 coynovii.
1712 513 1813 596 77,
1850 514 1879 576 1
1902 515 2147 594 pariter
2173 535 2311 578 cum
2336 521 2519 596 capta
2551 515 2756 579 Thala

291 621 485 704 hyali
520 670 535 683 .
573 669 590 685 .
627 669 642 683 .
681 623 1038 683 ..venerant
1115 618 1217 700 79,
1254 620 1289 683 7
1337 620 1409 684 ob
1445 639 1575 684 rem
1609 625 1963 701 corruptam
1998 621 2166 684 domi
2190 642 2426 703 poenas
2462 626 2755 686 metuunt.

291 725 400 790 Ex
445 725 550 789 his
599 725 912 808 exemplis
959 725 1036 789 de
1082 725 1404 790 industria
1450 726 1866 790 exhibeamus
1913 726 2123 790 locum
2174 725 2325 791 Sall.
2374 727 2515 815 Iug.
2566 729 2675 811 79,
2718 729 2752 791 7

293 854 431 897 non
470 834 937 917 congruentem
976 853 1119 896 cum
1154 831 1502 897 Lucbberti
1542 832 1875 916 opinione,
1915 832 2263 897 secundum
2303 857 2494 918 quam
2534 835 2754 899 Livius

296 939 731 1003 vetustiorum
772 939 1161 1022 scriptorum
1198 939 1727 1004 consuetudinem
1768 941 2151 1022 aspernatus
2189 941 2435 1023 primus
2480 963 2750 1024 praepo-

305 1045 539 1109 sitione
584 1046 676 1110 ob
724 1045 794 1108 in
839 1046 960 1110 hac
1008 1048 1333 1109 structura
1379 1067 1532 1109 usus
1581 1049 1697 1109 est.

481 1150 762 1236 Singulis
808 1152 995 1216 huius
1045 1153 1278 1236 capitis
1325 1152 1618 1236 partibus
1666 1153 2001 1236 perpensis
2059 1152 2197 1217 iure
2244 1153 2524 1236 mireriS‚
2580 1154 2751 1236 quod

295 1279 444 1322 cum
493 1257 627 1321 fere
673 1258 892 1322 omnia
930 1279 1167 1344 genera
1203 1263 1562 1324 structurae
1602 1260 1679 1324 de
1720 1282 1847 1344 qua
1895 1260 2210 1344 agebatur
2248 1259 2314 1323 in
2354 1259 2499 1324 aliis
2539 1258 2750 1324 Taciti

295 1336 558 1447 scriptss
601 1363 1118 1447 frequentissime
1166 1365 1603 1449 inveniantur,
1659 1367 1741 1430 ab
1801 1365 1946 1430 aliis
2004 1387 2267 1449 prorsus
2323 1365 2535 1430 aliena
2583 1370 2748 1430 sunt.

300 1472 564 1532 exstant
608 1470 774 1534 enim
822 1493 953 1536 non
999 1471 1190 1536 modo
1247 1471 1319 1535 in
1362 1472 1637 1537 historia
1684 1471 1957 1536 Latinae
2006 1472 2263 1556 linguae
2309 1494 2426 1555 per
2473 1496 2541 1537 se
2587 1474 2749 1537 mul-

299 1579 411 1639 tae
447 1575 781 1660 variaeque
821 1578 1246 1662 mutatione8‚
1285 1579 1396 1642 sed
1434 1579 1629 1643 etiam
1672 1578 2015 1661 scriptores
2053 1600 2171 1661 pro
2210 1579 2500 1661 ipsorum
2539 1583 2748 1645 aetate

301 1686 368 1746 et
411 1681 663 1746 dicendi
701 1684 994 1767 consiliO,
1038 1706 1158 1768 pro
1197 1686 1374 1750 varia
1419 1685 1633 1749 indole
1670 1688 1735 1749 et
1772 1685 2086 1749 crescenti
2122 1685 2392 1748 scientia
2430 1708 2562 1750 non
2600 1709 2746 1751 raro

293 1788 618 1853 scribendi
674 1810 878 1874 genus
930 1791 1188 1855 variant
1253 1794 1446 1876 atque
1502 1791 1834 1874 excolunt,
1900 1791 2067 1876 quod
2132 1791 2509 1856 confidimus
2578 1794 2748 1876 apud

287 1895 542 1959 nullum
590 1896 789 1960 alium
845 1898 1222 1982 scriptorem
1278 1897 1538 1982 melius,
1593 1919 1785 1981 quam
1850 1898 2021 1980 apud
2066 1897 2361 1963 Tacitum
2419 1897 2747 1963 observari

285 2023 499 2086 posse.
575 2024 793 2067 nonne
832 2004 1004 2068 enim
1043 2025 1188 2068 cum
1226 2003 1474 2068 dicendi
1519 2025 1723 2089 genus
1736 2055 1753 2089 ,
1811 2005 1998 2088 quale
2044 2004 2112 2068 in
2153 2004 2409 2089 dialogo
2458 2007 2745 2089 apparet,

289 2108 584 2192 proxime
643 2109 724 2173 ad
780 2109 1106 2175 Ciceronis
1163 2110 1451 2194 accedat,
1505 2111 1574 2174 in
1630 2111 1858 2174 ceteris
1919 2109 2173 2194 scriptis
2231 2113 2542 2194 tanquam
2602 2134 2747 2176 cum

295 2215 568 2301 singulis
617 2214 829 2279 Taciti
877 2217 1108 2280 aetatis
1157 2217 1458 2301 gradibus
1505 2217 1751 2301 pariter
1798 2239 1863 2279 se
1903 2217 2199 2280 excolens
2250 2238 2391 2280 eam
2438 2218 2746 2281 narrandi

296 2324 362 2384 et
426 2321 831 2386 describendi
895 2325 1102 2387 artem
1168 2325 1501 2387 assecutus
1567 2326 1693 2406 est,
1760 2344 1887 2406 qua
1950 2322 2492 2404 praestantiorem
2556 2346 2744 2388 nemo

297 2427 675 2494 Latinorum
723 2429 1132 2512 procreavit?

480 2533 651 2610 Quae
707 2535 900 2600 modo
955 2536 1397 2621 congessimus
1456 2535 1749 2620 exempla
1802 2533 2141 2619 participia
2201 2538 2385 2598 erant
2438 2543 2745 2613 perfecti,

296 2639 408 2704 sed
446 2642 703 2707 exhibet
741 2642 1017 2706 similem
1065 2665 1252 2706 usum
1290 2643 1485 2735 etiam
1534 2641 1944 2727 participium
1981 2649 2373 2720 praesentis.
2450 2642 2745 2707 omnibus

289 2750 510 2811 autem
549 2771 711 2832 quae
759 2753 1112 2834 sequuntur
1158 2749 1591 2814 locutionibus
1617 2750 1834 2814 -cuivis
1883 2751 2151 2833 apparet
2199 2752 2441 2833 quanta
2486 2748 2641 2813 insit
2680 2752 2745 2813 et

289 2853 568 2917 audacia
613 2859 677 2919 et
720 2857 1007 2941 gravitas
1018 2906 1036 2940 ‚
1092 2856 1280 2919 sicut:
1357 2856 1504 2920 Tac.
1553 2878 1698 2920 ann.
1743 2854 1837 2934 ΙΙ,
1880 2855 1966 2919 35
2012 2859 2369 2919 conventum
2412 2855 2645 2921 Italiae
2690 2862 2749 2921 et

288 2959 614 3041 affluentis
645 2962 1005 3043 provincias
1037 2962 1428 3043 praesentiae
1463 2963 1593 3025 eius
1636 2963 1939 3026 servanda
1984 2962 2230 3025 dicebat.
2304 2961 2417 3045 IV,
2455 2963 2533 3026 12
2578 2965 2743 3043 quod

282 3066 665 3148 principium
724 3067 964 3147 favoris
1017 3071 1075 3130 et
1126 3072 1322 3131 mater
1373 3065 1662 3150 Ayrippa
1720 3086 1886 3148 spem
1950 3066 2109 3130 male
2164 3072 2362 3149 leyens
2404 3070 2744 3149 perniciem

299 3172 706 3237 acceleravere.
805 3172 918 3257 IV,
955 3173 1044 3237 34
1097 3174 1167 3237 id
1207 3172 1608 3255 perniciabile
1661 3192 1761 3236 reo
1817 3176 1874 3235 ei
1928 3169 2158 3237 Caesar
2204 3175 2364 3238 truci
2416 3174 2589 3237 vultu
2643 3176 2737 3239 de-

287 3278 624 3360 fensionem
677 3280 995 3361 accipiens.
1096 3280 1245 3343 hist.
1291 3278 1356 3342 II
1368 3328 1386 3364 ‚
1431 3280 1517 3343 24
1580 3279 1884 3362 anyebant
1947 3278 2275 3345 Caecinam
2340 3282 2743 3362 nequicquam

289 3387 502 3451 omnia
549 3391 754 3467 coepta
789 3391 847 3451 et
879 3407 1184 3452 senescens
1218 3387 1510 3451 exereitus
1545 3388 1646 3451 sui
1678 3387 1875 3466 fama.
1931 3385 2014 3451 ib.
2053 3387 2343 3450 orientem
2378 3387 2563 3451 solem
2592 3438 2605 3452 .
2638 3436 2651 3451 .
2682 3437 2695 3451 .
2726 3438 2741 3453 .

283 3494 647 3559 salutavere.
730 3492 823 3576 11,
861 3494 946 3557 49
1004 3494 1166 3558 nihil
1218 3494 1640 3557 adventantem
1687 3492 2062 3557 Mucianum
2114 3494 2356 3557 veritus.
2445 3514 2589 3556 ann.
2630 3491 2741 3577 IV,

291 3601 376 3662 17
433 3620 621 3681 neque
665 3600 845 3664 aliud
879 3601 1188 3680 gliscentis
1241 3600 1578 3665 discordiae
1626 3600 1975 3664 remedium.
2051 3599 2199 3663 dial.
2247 3600 2286 3663 8
2341 3620 2457 3681 quo
2504 3600 2737 3663 notabi-

286 3706 414 3770 lior
447 3712 784 3788 paupertas
827 3713 886 3771 et
926 3709 1250 3791 anyti-stiae
1293 3728 1502 3771 rerum
1546 3712 1855 3772 nascentes
1900 3728 1995 3771 eos
2040 3708 2574 3771 circumsteterunt.
2670 3768 2680 3779 ,

1417 3977 1456 4055 ἓ
1508 3973 1606 4037 11.

1277 4109 1373 4163 De
1420 4106 1753 4176 genetivo.

478 4238 570 4305 Ut
606 4240 936 4323 quodlibet
973 4241 1358 4306 adiectivum
1398 4241 1478 4304 ad
1515 4241 1885 4325 genetivum
1935 4239 2323 4304 substantivi
2362 4239 2739 4303 attributive

287 4346 442 4410 addi
501 4349 743 4431 potest,
810 4348 904 4411 ita
959 4348 1155 4412 etiam
1220 4347 1549 4431 quodlibet
1601 4348 2033 4431 participium.
2123 4346 2216 4409 rei
2275 4346 2738 4411 usitatissimae

285 4454 587 4536 exempla
642 4454 1015 4537 conquirere
1069 4454 1230 4517 nihil
1287 4444 1522 4517 attinet
1567 4454 1851 4536 exceptis
1908 4454 2299 4537 gerundivis.
2384 4475 2536 4516 nam
2593 4474 2736 4515 cum

287 4580 497 4641 supra
532 4559 878 4625 viderimus
915 4583 954 4625 a
993 4560 1395 4625 substantivo
1436 4563 1500 4623 et
1536 4560 1915 4643 gerundium
1956 4582 2098 4624 cum
2132 4560 2497 4624 accusativo
2534 4558 2737 4622 nomi-

281 4666 392 4731 nis
441 4668 506 4730 et
565 4667 1040 4731 substantivum
1086 4689 1232 4731 cum
1278 4665 1628 4752 gerundivo
1693 4665 2074 4731 attributivo
2132 4667 2486 4750 dependere
2543 4686 2733 4749 posse
