3303 5235
595 363 680 425 86
1649 365 1833 434 Caput
1868 364 1961 419 IV.

1720 581 1762 659 ξ
1815 581 1913 645 17.

1623 714 1723 768 De
1770 713 2023 772 dativo.

777 844 1015 930 Agitur
1062 843 1138 908 de
1187 866 1317 908 una
1363 847 1814 911 tantummodo
1855 851 2204 933 structura,
2251 849 2433 914 cuius
2480 849 2608 912 vim
2656 851 2722 912 et
2764 852 3035 932 potesta-

600 955 732 1016 tem
783 973 1007 1016 omnes
1060 951 1467 1037 grammatici
1520 954 1801 1037 perbene
1849 954 2334 1039 intellexerunt,
2390 977 2779 1040 quamquam
2838 976 3036 1040 gram-

598 1058 837 1123 matica
881 1059 1056 1123 ratio
1103 1058 1212 1122 diu
1257 1079 1524 1142 prorsus
1570 1059 1637 1122 in
1678 1060 1987 1145 ambiguo
2033 1060 2174 1126 fuit.
2250 1083 2326 1126 ex
2372 1083 2573 1146 parvo
2610 1062 3043 1146 exemplorum

597 1186 866 1230 numero
911 1164 1097 1249 illud,
1144 1165 1316 1249 quod
1361 1163 1509 1229 Tac.
1561 1165 1720 1251 Agr.
1763 1167 1843 1232 18
1892 1170 2128 1253 exstat,
2182 1169 2249 1232 in
2294 1168 2574 1233 medium
2621 1169 3042 1253 proferamus:

601 1273 819 1356 quibas
863 1273 1085 1338 helhum
1123 1271 1458 1337 volentibus
1499 1277 1649 1338 erat.
1728 1272 2017 1338 diversae
2064 1279 2216 1340 sunt
2251 1276 2537 1341 virorum
2576 1276 2908 1342 doctorum
2950 1299 3044 1340 ex-

596 1380 1006 1465 plicationeS,
1069 1379 1306 1463 quippe
1362 1398 1634 1461 quorum
1693 1379 1816 1448 alii,
1868 1383 2258 1446 structuram
2323 1386 2612 1448 nostram
2678 1383 2841 1448 mire
2908 1407 3047 1448 cum

599 1487 885 1551 ablativo
935 1485 1232 1550 absoluto
1283 1489 1686 1572 comparent,
1742 1486 1853 1550 alii
1900 1509 1978 1551 ex
2030 1509 2149 1552 usu
2207 1488 2408 1554 dativi
2456 1490 2564 1574 qui
2603 1489 2837 1556 dicitur
2884 1513 3048 1556 com-

600 1593 774 1659 modi
838 1592 1437 1677 interpretationem
1502 1595 1825 1678 repetant,
1880 1595 2009 1663 alii
2078 1594 2160 1659 ad
2225 1595 2679 1661 attractionem
2743 1597 3049 1663 referant.

599 1703 748 1766 sunt
803 1701 1022 1784 etiam,
1058 1697 1192 1782 'qui
1249 1721 1327 1762 ex
1384 1698 1597 1782 ellipsi
1657 1700 2216 1787 subintellegenda
2274 1724 2489 1767 veram
2546 1702 3049 1786 explicationem

597 1808 744 1874 duci
791 1828 980 1892 posse
1024 1827 1142 1889 pro
1191 1808 1366 1869 certo
1413 1805 1724 1891 habeant,
1779 1828 1907 1891 qua
1953 1809 2257 1892 opinione
2303 1810 2482 1873 nulla
2530 1809 2661 1874 alia
2706 1811 2921 1895 magis
2970 1812 3049 1876 ab

495 1990 502 1996 ‚
601 1916 855 2002 legibus
905 1913 1065 1978 artis
1112 1913 1574 1996 grammaticae
1614 1913 1937 1980 abhorret.
2011 1937 2174 2000 quae
2222 1913 2391 1980 0111111
2430 1919 2531 1980 est
2576 1916 3051 2002 interpretatio,

599 2045 726 2108 qua
779 2019 1126 2086 locutionis
1181 2018 1450 2083 alicuius
1506 2022 1742 2084 natura
1794 2042 1927 2084 non
1985 2042 2062 2086 ex
2130 2022 2276 2106 ipsa
2321 2023 2744 2107 grammatica
2797 2024 3053 2089 ratione

599 2127 977 2206 deducatur,
1043 2124 1151 2190 sed
1213 2127 1524 2210 tanquam
1581 2126 2020 2191 additamento
2077 2128 2467 2193 extrinsecus
2524 2129 2723 2194 allato
2782 2131 3055 2196 difficul-

597 2239 766 2302 tates
813 2235 1100 2299 vitentur
1142 2233 1362 2316 potius
1411 2255 1604 2316 quam
1651 2234 2119 2320 expediantur?

591 2345 596 2350 ’
776 2340 916 2406 Nos
964 2341 1047 2404 ab
1093 2339 1278 2404 initio
1327 2339 1835 2405 existimavimus
1886 2342 2047 2409 illud
2101 2342 2367 2428 idioma,
2423 2364 2814 2429 quamquam
2864 2347 3053 2410 artis-

601 2451 764 2516 sima
810 2449 946 2513 eius
995 2469 1140 2512 cum
1185 2446 1432 2511 Graeca
1476 2449 1799 2514 locutione
1842 2447 2233 2538 βουλομένῳ
2280 2453 2423 2515 τινί
2463 2449 2607 2516 ἐστί
2646 2474 2709 2516 τι
2764 2473 3049 2517 commu-

598 2558 706 2622 nio
775 2560 899 2640 est,
970 2560 1192 2620 tamen
1277 2577 1422 2620 vere
1486 2553 1791 2620 Latinum
1866 2557 2127 2642 eiusque
2192 2557 2688 2641 explicationem
2756 2580 2833 2623 ex
2906 2559 3051 2623 aliis

601 2665 934 2749 analogice
998 2662 1185 2727 dictis
1245 2663 1668 2746 repetendam
1732 2686 1890 2728 esse.
1990 2688 2141 2730 mox
2217 2669 2431 2730 autem
2496 2665 2593 2730 ita
2656 2667 3037 2731 sententiam

601 2771 1018 2851 mutavimus,
1091 2773 1165 2833 ut
1228 2773 1529 2851 putemus
1612 2771 1679 2832 et
1754 2770 2145 2835 locutionem
2210 2768 2512 2837 Latinam
2586 2776 2652 2836 et
2718 2772 3040 2856 Graecam,

601 2876 906 2963 quoniam
972 2897 1173 2939 nexus
1240 2876 1702 2959 grammaticus
1769 2898 2029 2958 prorsus
2094 2878 2259 2941 idem
2334 2878 2445 2962 sit,
2510 2879 2711 2943 etiam
2777 2902 2854 2943 ex
2917 2902 3053 2944 una

605 2984 951 3067 eademque
1019 2981 1348 3071 cogitandi
1413 2982 1663 3047 ratione
1728 3004 1867 3047 esse
1933 2987 2142 3049 ortam
2206 2986 2423 3069 itaque
2484 3008 2646 3069 quae
2704 2987 3054 3070 explicatio

601 3090 870 3177 quadret
935 3089 1013 3153 ad
1071 3088 1409 3172 Graecam,
1465 3089 1735 3154 eandem
1790 3091 2109 3173 pertinere
2166 3091 2247 3155 ad
2314 3089 2633 3158 Latinam.
2724 3115 2798 3158 ac
2854 3094 3052 3160 cardo

600 3198 874 3263 vertitur
919 3196 987 3259 in
1035 3218 1136 3281 eo,
1176 3194 1363 3281 ,quod
1409 3195 1676 3260 verbum
1723 3217 1889 3260 esse
1946 3218 2079 3288 non
2136 3197 2404 3282 copulae
2464 3199 2593 3263 vim
2650 3199 2878 3284 habet,
2942 3201 3054 3266 sed

601 3304 843 3390 aliquid
892 3307 1143 3368 exstare
1189 3301 1290 3367 vel
1345 3304 1558 3368 locum
1602 3302 1843 3367 habere
1890 3303 2159 3369 indicat:
2215 3304 2344 3369 iam
2393 3304 2447 3368 si
2506 3306 2749 3370 accedit
2793 3307 3053 3373 dativus

525 3450 530 3455 ·
605 3433 915 3497 personae
965 3410 1074 3495 qui
1121 3411 1389 3475 vocatur
1425 3430 1569 3474 011111
1627 3410 1969 3493 participio
2016 3411 2197 3475 verbi
2243 3412 2597 3477 voluntatis
2652 3407 3055 3499 coniunctus,

603 3520 878 3603 scriptor
925 3517 1252 3601 significat
1306 3538 1442 3581 rem
1490 3518 1695 3582 menti
1735 3518 1871 3581 eius
1920 3518 2279 3602 obversari,
2326 3518 2431 3599 qui
2470 3540 2612 3583 eam
2649 3521 2822 3586 velit.
2891 3523 3055 3589 haec

602 3631 702 3690 est
736 3631 973 3689 natura
1008 3623 1351 3688 locutionis
1390 3623 1575 3687 mihi
1613 3622 1912 3707 aliquid
1949 3624 2249 3688 volenti
2288 3628 2405 3689 est
2445 3622 2549 3711 (es
2589 3627 2903 3692 existirt
2941 3634 3052 3693 et-

602 3753 755 3795 was
803 3732 924 3795 fiir
971 3730 1195 3813 mich,
1241 3730 1489 3793 indem
1535 3730 1660 3794 ich
1707 3752 1783 3794 es
1836 3726 2041 3815 will).
2120 3730 2199 3794 ad
2246 3730 2415 3795 idem
2453 3731 2620 3796 redit
2656 3732 3053 3800 Graecorum

600 3835 758 3902 illud
796 3836 949 3921 ἐμοί
991 3858 1054 3900 τι
1091 3834 1479 3924 βουλομένῳ
1520 3834 1665 3899 ἐστί
1706 3835 1812 3919 (cf.
1850 3836 2033 3900 Kritz
2072 3837 2151 3901 ad
2190 3834 2343 3900 Sall.
2381 3836 2519 3922 Iug.
2560 3839 2673 3923 84,
2712 3837 2780 3925 3)
2843 3860 3053 3925 neque

601 3945 876 4009 historia
903 3930 1162 4008 nostrae
1193 3946 1554 4025 structurae
1583 3940 1860 4006 difficilis
1890 3948 2001 4008 est'
2019 3944 2099 4007 ad
2130 3944 2656 4027 persequendum.
2712 3967 2857 4010 cum
2878 3949 3053 4013 enim

601 4052 907 4115 classicae
955 4074 1058 4134 qu·
1097 4072 1153 4115 v.
1211 4049 1442 4114 aetatis
1490 4048 1837 4132 scriptores
1891 4072 1967 4113 ea
2012 4072 2277 4134 prorsus
2326 4050 2783 4135 abstinuerint,
2828 4051 3051 4118 Livius

603 4179 729 4222 uno
767 4159 907 4222 loco
946 4180 1085 4221 eam
1126 4156 1385 4222 admisit
1422 4154 1600 4239 XXI,
1628 4154 1735 4238 50,
1776 4155 1857 4219 10
1887 4156 2124 4238 yrande
2148 4156 2495 4236 periculum
2528 4158 2871 4223 maritimis
2904 4162 3052 4225 eivi-

603 4265 828 4329 tatibas
873 4285 995 4330 esse
1040 4270 1100 4329 et
1135 4264 1501 4345 quibasdam
1544 4262 1879 4327 volentibus
1922 4282 2114 4327 novas
2157 4282 2255 4326 res
2295 4263 2453 4348 Γονες
2502 4261 2847 4327 Sallustius
2897 4264 3052 4329 duo-

601 4373 750 4436 bus:
797 4370 936 4456 Iug.
984 4372 1094 4455 84,
1143 4372 1183 4436 3
1229 4373 1381 4453 qaia
1423 4390 1614 4451 neque
1648 4369 1815 4451 plebi
1858 4370 2090 4433 militia
2133 4370 2357 4433 volenti
2390 4370 2750 4451 putabatur.
2832 4372 2978 4449 100,
3006 4372 3052 4435 4

599 4478 848 4561 viyilias
883 4479 1012 4561 ipSe
1036 4478 1356 4543 circumire
1391 4498 1516 4541 non
1554 4481 1683 4540 tam
1707 4476 2061 4557 diffidentia
2091 4475 2397 4556 futur-am,
2432 4496 2587 4557 qaae
2620 4477 3053 4559 imperavisset,

600 4580 789 4667 qaam
824 4586 920 4649 ati
962 4584 1264 4648 militibus
1307 4588 1680 4675 exaequatus
1712 4602 1853 4647 cum
1888 4583 2255 4663 imperatore
2301 4582 2473 4647 labor
2516 4583 2851 4648 volentibus
2884 4590 3053 4651 esset.

605 4692 772 4777 apud
802 4691 1099 4756 Tacitum
1129 4695 1343 4755 autem
1372 4691 1566 4755 istam
1594 4689 1987 4755 locutionem
2018 4689 2195 4752 omni
2224 4690 2505 4754 caruisse
2532 4689 2878 4755 insolentia
2904 4691 3051 4757 inde
