3303 5235
916 329 998 382 De
1036 327 1460 399 participiorum
1496 343 1602 380 usu
1637 325 2037 396 praedicativo,
2620 321 2705 384 99

243 497 362 556 tur
407 493 486 556 de
530 492 612 556 iis
652 491 827 576 Ιοοίε,
874 491 988 555 ubi
1028 487 1312 555 ablativi
1334 493 1568 554 natura
1605 491 1975 554 concessiva
2012 509 2144 553 non
2179 487 2308 553 nisi
2348 509 2425 552 ex
2464 509 2707 553 conexu

245 599 726 664 sententiarum
755 598 1034 683 perspici
1063 600 1296 682 potest.
1373 619 1562 682 quem
1598 619 1791 661 usum
1820 617 1972 661 cave
2000 617 2081 660 ne
2108 594 2329 659 credas
2367 595 2478 659 illo
2506 595 2710 659 rario-

239 728 392 769 rem
429 708 496 770 et
521 706 603 770 ab
643 725 872 770 aureae
911 728 1014 789 qu.
1047 705 1104 768 d.
1145 704 1379 768 aetatis
1420 704 1839 788 scriptoribus
1870 702 2153 766 alienum
2182 723 2341 785 esse,
2380 718 2525 766 cum
2564 723 2708 767 con·

239 813 459 877 traria
513 812 732 896 potius
787 812 956 876 ratio
1012 812 1248 876 valeat.
1262 811 1310 898 ¹)
1403 810 1780 896 repudiatur
1836 809 2006 873 enim
2064 809 2145 874 ab
2203 809 2333 874 illis
2390 809 2712 874 ablativus

239 919 611 1002 absolutuS,
657 919 838 983 cuius
875 919 1252 983 concessiva
1289 917 1683 1002 significatio
1721 915 2043 999 particula.
2080 915 2477 1000 designatur.
2542 915 2710 981 vide-

239 1047 400 1090 mus
470 1029 684 1090 autem
748 1026 936 1090 illum
990 1047 1209 1108 usum,
1275 1025 1384 1109 qui
1442 1024 1614 1108 apud
1674 1021 2077 1106 Ciceronem,
2138 1017 2482 1086 Caesarem
2548 1023 2713 1087 alios

243 1132 558 1217 angustis
623 1132 863 1196 finibus
938 1130 1459 1216 circumscriptus
1535 1132 1663 1213 est,
1738 1121 2092 1212 posteriore
2164 1131 2453 1214 tempore
2527 1129 2713 1193 valde

245 1239 728 1322 amplificatum
777 1259 935 1303 esse.
1769 1245 1773 1248 ⁴

725 1431 794 1518 a)
845 1432 1012 1519 Abl.
1059 1432 1295 1497 absol.
1341 1433 1753 1536 participii
1797 1433 2253 1516 praesentis.

580 1585 634 1642 1.
701 1583 908 1653 Apud
951 1582 1290 1640 Tacitum:

442 1699 614 1764 Ann.
671 1697 816 1782 XV,
879 1699 959 1763 10
997 1698 1334 1781 'squalente
1398 1698 1586 1764 litore.
1670 1699 1731 1783 I,
1790 1698 1877 1764 55
1940 1699 2284 1764 decernitur
2322 1695 2717 1764 Germanico

248 1805 616 1888 triumphus
668 1810 951 1870 manente
1003 1805 1170 1869 bello.
1251 1803 1311 1887 Ι,
1361 1805 1446 1870 62
1499 1806 1699 1888 igitur
1749 1805 2076 1871 Romanus
2126 1807 2235 1888 qui
2286 1807 2506 1872 aderat
2554 1825 2716 1869 eoeer-

249 1914 419 1977 citus
466 1913 771 1994 leyionum
807 1930 948 1974 ossa
991 1910 1164 1974 nullo
1200 1916 1480 1976 noscente
1515 1911 1756 1976 alienas
1790 1912 2089 1993 reliquias
2124 1934 2211 1978 an
2245 1933 2499 1978 suorum
2534 1911 2718 1975 humo

253 2023 480 2103 tegeret
524 2037 730 2082 omnes
773 2021 844 2080 ut
886 2017 1236 2081 coniunctos
1280 2017 1630 2082 condebant.
1688 2017 1738 2103 Ι,
1778 2019 1863 2084 70
1907 2021 2229 2101 impositae
2272 2020 2414 2084 dein
2460 2018 2715 2100 leyiones

254 2129 526 2208 vaqante
584 2124 766 2204 fama
828 2123 1190 2188 submersas.
1273 2122 1387 2207 IV,
1444 2125 1529 2188 64
1593 2126 1826 2190 cunctis
1886 2115 2527 2208 circumflaqrantibus
2586 2123 2719 2188 sola

265 2231 507 2295 Tiberii
561 2230 792 2312 effiyies
843 2229 1146 2294 inviolata
1201 2231 1540 2296 mansisset.
1622 2229 1775 2297 hist.
1820 2230 1881 2314 Ι,
1942 2233 2020 2296 17
2077 2233 2289 2322 statim
2342 2230 2722 2312 intuentibus

263 2343 324 2402 et
367 2357 514 2402 mox
559 2337 840 2402 coniectis
883 2337 954 2400 in
1000 2353 1138 2402 eum
1183 2338 1460 2402 omnium
1505 2339 1713 2404 oculis.
1771 2337 1821 2421 Ι,
1868 2339 1951 2402 37
1998 2338 2173 2404 nullo
2216 2341 2575 2419 exposcente.
2636 2333 2720 2418 ΙΙ,

273 2445 362 2508 84
414 2463 567 2524 quae
615 2443 840 2526 yravia
893 2448 1074 2524 atque
1128 2443 1447 2508 toleranda
1493 2492 1506 2507 .
1546 2494 1560 2508 .
1599 2492 1614 2507 .
1654 2493 1668 2508 .
1715 2443 1901 2508 etiam
1956 2445 2027 2508 in
2059 2465 2214 2526 pace
2266 2463 2545 2507 mansere
2588 2443 2721 2523 ipso

293 2548 662 2631 Vespasiano
707 2550 867 2613 inter
919 2550 1108 2613 initia
1152 2551 1398 2632 imperii
1441 2549 1528 2614 ad
1569 2550 1926 2614 obtinendas
1978 2550 2336 2633 iniquitates
2378 2547 2551 2612 haud
2578 2569 2722 2630 per-

279 2656 421 2720 inde
461 2657 814 2722 obstinante.
869 2655 990 2741 ΙΙΙ,
1027 2655 1112 2720 56
1147 2657 1550 2738 peritissimis
1584 2658 2009 2723 centurionum
2044 2656 2549 2722 dissentientibus.
2607 2655 2723 2739 III,

273 2763 357 2826 57
415 2762 742 2827 obtestante
809 2760 1052 2827 Vocula.
1134 2755 1259 2845 III,
1307 2760 1393 2826 60
1446 2768 1768 2843 quaerente
1819 2784 1969 2829 sane
2016 2762 2206 2829 Civile
2258 2769 2316 2828 et
2375 2765 2726 2845 increpante

271 2868 622 2934 Germanos
669 2873 965 2949 tanquam
1008 2868 1193 2950 fidem
1225 2886 1344 2949 per
1387 2870 1580 2933 scelus
1625 2870 2061 2952 obrumperent.
2128 2870 2343 2956 Agric.
2395 2870 2477 2935 15
2524 2874 2724 2934 tenen-

269 2976 438 3041 tibus
480 2994 666 3039 arma
697 2974 1026 3057 plerisque.
1067 2972 1244 3037 -diaL
1296 2974 1374 3037 11
1423 2992 1520 3036 me
1561 2974 1816 3039 nolente.

596 3119 685 3179 Π.
754 3123 964 3193 Apud
1005 3116 1374 3179 Velleium:

451 3235 539 3318 II,
592 3239 717 3303 103
763 3240 1027 3303 multum
1070 3239 1313 3321 quidem
1357 3259 1423 3303 eo
1467 3260 1606 3303 cum
1641 3240 1811 3304 domi
1853 3245 1983 3305 tum
2028 3240 2098 3304 in
2134 3244 2354 3305 senatu
2397 3245 2727 3306 recusante.

598 3371 722 3428 111.
779 3372 985 3441 Apud
1021 3370 1451 3431 Sallustium:

459 3485 600 3552 Cat.
645 3487 762 3570 43,
807 3486 848 3550 3
902 3506 966 3551 se
1007 3486 1066 3551 si
1104 3487 1299 3569 pauci
1351 3488 1719 3553 adiuvarent
1771 3487 2291 3569 lanquescentibus
2342 3490 2493 3554 aliis
2544 3490 2728 3571 impe-

279 3599 418 3658 tum
461 3594 531 3657 in
575 3612 792 3657 curam
832 3591 1164 3672 facturum.
1247 3593 1351 3677 63,
1396 3593 1439 3657 4
1483 3613 1622 3676 erqo
1667 3593 1775 3658 ubi
1810 3596 2095 3677 primum
2140 3595 2525 3660 tribunatum
2570 3597 2733 3660 mili-

281 3705 481 3765 tarem
523 3720 568 3763 a
599 3699 831 3781 populo
864 3699 1024 3780 petit
1057 3700 1366 3781 plerisque
1405 3700 1630 3781 faciem
1674 3701 1805 3765 eius
1859 3702 2287 3783 iqnorantibus
2326 3702 2511 3782 facile
2554 3708 2734 3767 notus

277 3827 393 3887 per
427 3826 632 3870 omnes
668 3806 866 3869 tribus
891 3806 1256 3871 declaratur.
1300 3804 1441 3890 Iug.
1471 3807 1576 3890 92,
1605 3808 1648 3871 3
1672 3828 1883 3889 pauca
1920 3805 2219 3893 (oppida)
2254 3810 2735 3891 repuqnantibus

282 3912 610 3977 Numidiis
655 3912 836 3993 capit.
907 3910 1058 3976 hist.
1104 3912 1220 3997 IV,
1266 3913 1374 3995 61,
1426 3914 1506 3977 13
1551 3914 1853 3978 abnuente
1903 3915 2188 3997 Tiqrane.

697 4104 768 4193 b)
827 4106 1244 4172 Ablativus
1302 4108 1536 4173 absol.
1579 4109 1853 4193 partic.
1898 4108 2084 4193 perf.
2130 4131 2326 4194 pass.

603 4256 658 4313 1.
729 4256 936 4327 Apud
979 4256 1316 4318 mmmm:

467 4370 634 4436 Ann.
664 4370 846 4456 XIII,
873 4372 956 4437 37
1007 4370 1266 4439 Corbulo
1301 4372 1572 4455 quaesito
1619 4374 1730 4439 diu
1763 4374 2001 4455 proelio
2043 4373 2288 4454 frustra
2331 4372 2593 4441 habitus.
2649 4376 2733 4441 ib.

281 4482 558 4545 oratores
600 4478 711 4562 qui
753 4480 1205 4562 expostularent
1247 4500 1356 4544 cur
1398 4480 1563 4544 datis
1605 4500 1803 4561 nuper
1858 4480 2165 4546 obsidibus
2208 4482 2738 4564 redinteqrataque

435 4657 490 4719 1)
527 4654 611 4710 cf.
651 4654 908 4724 Gossrau,
947 4642 1188 4708 Granim.
1227 4653 1349 4710 Lat.
1388 4670 1441 4723 p.
1479 4658 1600 4711 530.

2240 4742 2315 4799 ⁷·
