3303 5235
956 332 1039 388 De
1076 333 1500 404 participiorum
1536 334 1739 386 natura
1775 331 2004 388 verbali.
2588 331 2715 394 125

259 495 530 560 Romam
579 497 908 578 profectus.
997 497 1110 579 88,
1159 498 1200 559 3
1257 496 1552 560 Gaetulos
1605 501 1664 559 et
1718 491 2091 578 Iuyurtham
2145 515 2478 577 ayyressus.
2522 460 2533 466 -
2578 493 2716 559 Cat.

259 604 379 686 40,
426 605 468 667 2
504 607 898 684 percontatus
929 623 1157 685 pauca.
1239 603 1355 688 45,
1399 602 1443 666 4
1487 603 1689 668 multa
1722 602 1909 684 prius
1951 602 2289 666 obtestatus.

289 796 474 851 xul.
513 793 842 864 Participii
879 793 1141 864 perfecti
1178 809 1312 850 cum
1351 794 1554 850 dativo
1595 794 1763 850 verb.
1803 795 1940 864 dep.
1980 794 2259 861 iungitur
2296 794 2698 850 accusativus·

450 920 601 985 Tac.
645 921 796 986 hist.
843 919 970 1002 III,
1019 920 1059 984 6
1105 922 1317 986 intimi
1353 923 1567 1004 qratia
1606 922 1886 1002 primum
1919 923 2127 1004 pilum
2172 923 2386 1004 adepto
2432 921 2593 986 laeta
2637 922 2723 984 ad

253 1048 554 1110 praesens
605 1028 769 1092 male
818 1032 1013 1110 parta
1068 1049 1211 1093 mox
1271 1031 1342 1094 in
1395 1029 1732 1110 perniciem
1794 1033 2034 1093 vertere.
2132 1027 2241 1110 lv,
2286 1029 2372 1094 26
2427 1028 2721 1110 inyressis

269 1135 648 1200 Novaesium
700 1139 872 1198 sexta
935 1136 1186 1200 decuma
1242 1136 1393 1218 leyio
1449 1117 1859 1217 coniunyilur.
1944 1157 2091 1200 ann.
2136 1133 2297 1199 XIII
2306 1185 2324 1217 ‚
2378 1137 2409 1199 1
2466 1137 2721 1200 vixdum

255 1242 598 1321 pueritiam
641 1241 862 1324 cyressi
907 1241 1160 1306 Neroni.
1246 1241 1396 1306 hist.
1443 1240 1502 1325 Ι,
1555 1243 1586 1305 1
1637 1241 2063 1322 incorruptum
2104 1241 2287 1322 fidem
2320 1242 2636 1323 professis.

269 1433 435 1488 xlv.
465 1432 792 1503 Participii
820 1432 1079 1502 perfecti
1108 1448 1242 1489 eum
1276 1433 1620 1490 accusativo
1649 1433 1817 1488 verb.
1844 1433 1981 1503 dep.
2010 1433 2290 1500 iungitur
2318 1401 2719 1490 aecusativus.

445 1560 595 1624 Tac.
641 1560 792 1624 hist.
838 1558 951 1644 IV,
996 1560 1078 1625 51
1128 1561 1449 1630 hibernum
1493 1581 1667 1624 mare
1710 1579 2079 1642 ayyressum.
2163 1560 2287 1643 III,
2334 1561 2419 1625 59
2480 1561 2721 1625 obvium

265 1667 397 1731 illic
434 1666 729 1732 Petilium
765 1666 1063 1732 Cerialem
1099 1667 1360 1732 habuere
1395 1668 1624 1749 agresti
1668 1667 1835 1730 cultu
1870 1672 1931 1730 et
1962 1668 2187 1731 notitia
2224 1667 2493 1732 locorum
2526 1671 2719 1732 custo-

265 1775 407 1838 dias
455 1773 686 1839 Vitellii
731 1773 1022 1854 elapsum.
1107 1796 1253 1839 ann.
1288 1773 1403 1858 lv,
1439 1774 1526 1838 64
1571 1773 1835 1838 evenisse
1878 1775 1948 1837 id
1988 1774 2137 1837 olim
2180 1773 2490 1838 Claudiae
2528 1773 2720 1852 Quin·

269 1885 362 1944 tae
405 1881 654 1961 eiusque
695 1883 968 1944 statuam
1021 1883 1147 1945 vim
1199 1882 1442 1964 iynium
1495 1880 1589 1946 bis
1640 1881 1920 1962 elapsum
1981 1882 2251 1945 maiores
2302 1881 2474 1980 apud
2512 1881 2723 1945 aedem

267 1988 493 2050 matris
537 1987 717 2051 deum
762 1989 1213 2052 consecravisse.

352 2161 488 2248 XV.
535 2161 864 2231 Participii
901 2162 1161 2230 perfecti
1199 2177 1333 2217 cum
1370 2161 1572 2216 ‹lassvo
1611 2161 1780 2217 verb.
1821 2162 1957 2231 «lep.
1998 2162 2276 2229 iungitur
2313 2163 2640 2218 ablativuS.

448 2287 597 2353 Tac.
647 2309 796 2352 ann.
843 2284 996 2367 XII,
1043 2287 1130 2352 54
1183 2294 1401 2354 cuncta
1454 2289 1786 2374 malefacta
1839 2288 1959 2354 sibi
2012 2289 2263 2370 unpune
2315 2293 2493 2354 ratus
2548 2293 2724 2353 tanta

262 2394 540 2475 potentia
584 2393 862 2458 subnixo.

418 2587 482 2653 B.
529 2588 619 2653 De
665 2586 966 2669 genetivo
1014 2587 1312 2670 gerundii
1359 2605 1622 2672 quocum
1671 2588 2081 2655 accusativus
2129 2589 2561 2673 coniungitur.

449 2731 669 2796 Etiam
697 2730 823 2795 hoc
858 2752 979 2795 usu
1007 2729 1268 2796 Tacitus
1309 2732 1390 2797 ab
1431 2732 1577 2797 aliis
1608 2731 2028 2815 scriptoribus
2068 2752 2458 2817 magnopere
2494 2731 2722 2796 differt.

273 2840 538 2901 constat
571 2838 746 2902 enim
782 2836 1125 2918 Romanis,
1160 2838 1289 2902 nisi
1327 2838 1735 2905 accusativus
1773 2837 2071 2922 genetivo
2109 2838 2405 2923 gerundii
2451 2840 2718 2923 iungen-

269 2944 396 3007 dus
459 2965 816 3026 pronomen
881 2947 994 3009 aut
1065 2943 1452 3010 adiectivum
1528 2945 1783 3029 generis
1844 2945 2134 3009 neutrius
2210 2949 2373 3029 erat,
2447 2946 2723 3010 activam

271 3052 667 3114 structuram
723 3051 934 3115 minus
988 3051 1333 3135 placuisse,
1400 3072 1592 3134 quam
1649 3051 1978 3133 passivam
2046 3049 2402 3138 (colendo
2460 3073 2724 3136 agrum

279 3192 353 3201 -—
407 3156 734 3221 colendo
782 3154 1018 3243 agro).
1092 3161 1410 3243 quatenus
1457 3157 1630 3222 hanc
1676 3158 1887 3241 legem
1932 3156 2280 3223 Sallustius
2326 3161 2393 3222 et
2441 3157 2725 3221 Velleius

273 3264 763 3327 observaverint
807 3263 911 3327 vix
947 3263 1283 3328 diiudicari
1319 3267 1565 3347 potest,
1611 3286 1758 3327 cum
1798 3264 2238 3346 exemplorum
2274 3284 2577 3327 numerus
2614 3263 2726 3326 ad-

277 3370 538 3433 modum
575 3392 813 3453 parvus
860 3370 971 3452 sit,
1015 3392 1170 3434 nam
1207 3375 1474 3453 uterque
1513 3371 1729 3434 activa
1764 3373 2089 3433 structura
2125 3390 2235 3432 sex
2276 3368 2723 3433 tantummodo

271 3476 431 3541 locis
480 3476 710 3559 utitur,
767 3498 1039 3559 quorum
1087 3475 1365 3559 quinque
1411 3496 1546 3540 non
1591 3474 2030 3539 accusativum
2078 3475 2373 3539 adiectivi
2422 3478 2533 3538 aut
2580 3495 2723 3558 pro-

270 3582 585 3665 neminie,
641 3581 751 3645 sed
797 3583 958 3647 meri
1005 3583 1398 3647 substantivi
1447 3582 1772 3647 exhibent.
1859 3581 2158 3646 Tacitum
2214 3586 2428 3647 autem
2484 3582 2581 3646 illi
2628 3583 2721 3647 in-

273 3689 512 3753 solenti
559 3688 855 3772 gerundii
901 3691 1049 3755 usui
1094 3712 1210 3774 pro
1251 3689 1603 3773 gerundivo
1651 3689 2121 3753 studiosissime
2165 3689 2407 3753 favisse
2450 3713 2528 3752 ex
2576 3692 2724 3754 sub-

275 3795 694 3878 sequentibus
741 3796 1049 3879 exemplis
1098 3796 1342 3879 optime
1389 3797 1799 3861 intellexeris.

457 3900 607 3969 Tac.
643 3924 791 3967 ann.
828 3902 880 3986 Ι,
917 3903 1004 3967 60
1047 3905 1266 3985 cupido
1313 3901 1638 3969 Gaesarem
1683 3903 1927 3967 invadit
1967 3902 2237 3967 solvendi
2278 3922 2567 3983 suprema
2610 3906 2728 3967 mi—

277 4008 487 4077 litibus
521 4009 794 4090 dueique.
875 4006 933 4091 Ι,
974 4010 1053 4075 77
1101 4011 1504 4091 spectantium
1547 4010 1997 4073 immodestiam
2041 4009 2227 4073 exilio
2272 4009 2584 4073 multandi
2616 4030 2727 4091 po·

281 4118 461 4179 testas
493 4115 884 4196 praetoribus
926 4116 1108 4195 fieret.
1203 4114 1295 4198 ΙΙ,
1344 4116 1429 4180 62
1475 4117 1693 4198 cupido
1740 4116 2005 4196 augendi
2042 4116 2386 4195 pecuniam.
2467 4115 2592 4199 ΙΙΙ,
2646 4118 2725 4180 19

277 4218 511 4285 Caesar
554 4226 768 4285 auctor
811 4223 1054 4286 senatui
1108 4222 1238 4301 fuit
1291 4222 1531 4286 Vitellio
1579 4272 1592 4286 .
1632 4274 1645 4287 .
1686 4273 1699 4286 .
1740 4270 1753 4284 .
1808 4223 2150 4296 sacerdotia
2196 4221 2515 4285 tribuendi.
2605 4221 2728 4304 ΙΙΙ,

278 4328 366 4393 36
413 4328 723 4392 incedebat
766 4379 780 4392 .
819 4378 832 4392 .
872 4378 886 4393 .
926 4379 940 4393 .
987 4328 1233 4393 licentia
1277 4330 1529 4411 impune
1561 4329 1799 4410 probra
1836 4332 1894 4391 et
1935 4330 2239 4392 invidiam
2285 4330 2355 4391 in
2399 4327 2583 4392 bonos
2628 4350 2727 4393 ex-

277 4436 514 4499 citandi
557 4440 808 4516 arrepta
857 4436 1128 4517 imayine
1173 4435 1476 4501 Caesaris,
1556 4433 1680 4518 ΙΙΙ,
1729 4436 1815 4500 60
1871 4435 2119 4499 licentia
2162 4439 2343 4515 atque
2386 4436 2730 4517 impunita-s

279 4543 460 4625 asyla
494 4544 752 4607 dicendi.
822 4541 947 4619 ΙΙΙ,
978 4543 1062 4605 63
1109 4542 1307 4605 cultus
1341 4542 1676 4606 numinum
1709 4540 1985 4621 utrisque
2020 4540 2307 4604 Dianam
2344 4546 2459 4605 aut
2492 4542 2728 4621 Apolli-

278 4670 418 4713 nem
475 4650 824 4715 venerandi.
915 4648 1041 4730 ΙΙΙ,
1091 4649 1174 4712 73
1237 4650 1347 4711 dat
1406 4648 1716 4729 negotium
1772 4647 2004 4711 Blaeso
2066 4652 2287 4711 ceteros
2342 4649 2583 4728 quidem
2646 4650 2733 4713 ad
