3303 5235
665 335 793 400 112
1744 337 1927 406 Caput
1962 337 2028 394 V.

656 519 770 563 nos
823 500 892 563 in
938 499 1326 582 Hispania-m
1381 500 1472 564 ad
1517 501 1849 582 primanos
1900 501 2215 585 epistolae,
2268 499 2435 582 quod
2484 505 2740 582 utraque
2790 501 2924 584 leyio
2962 523 3055 584 pro

663 604 897 670 Othone
939 607 1197 672 adversa
1254 607 1496 673 Vitellio
1535 608 1773 687 fuerat,
1825 612 2207 690 sparyumtur
2253 627 2372 689 per
2416 606 2671 672 Gallias
2721 609 2915 673 literae
2960 630 3055 672 mo·

659 717 972 794 mentoque
1008 714 1294 795 temporis
1326 715 1638 797 flayrabat
1671 716 1886 798 immons
1920 716 2145 780 bellum
2180 715 2463 799 Illyricis
2496 717 2847 781 eaeereitibus
2877 719 3058 799 palam

657 817 1114 882 desciscentilm
1157 819 1368 883 ceteris
1408 819 1737 900 fortunam
1780 822 2095 886 secuturas.

1691 1249 1935 1344 Caput
1988 1250 2071 1323 V.

1231 1410 1324 1480 De
1381 1412 1896 1500 participiorum
1950 1415 2199 1484 natura
2253 1413 2545 1484 verbali.

1786 1622 1827 1702 ἓ
1870 1619 1975 1685 20.
2092 1689 2103 1698 ,

1081 1753 1180 1808 De
1223 1750 1596 1823 participiis
1641 1751 1897 1822 quibus
1941 1753 2262 1810 adverbia
2314 1755 2688 1812 adduntur.

833 1883 1330 1969 Participiorum
1385 1886 1624 1948 natura
1688 1884 1970 1950 verbalis·
2024 1907 2101 1949 ex
2148 1885 2403 1951 indiciis
2468 1889 2670 1954 variis
2724 1887 2916 1968 iisque
2960 1902 3057 1945 cer-

657 1991 930 2056 tissimis
977 1991 1409 2075 cognoscitur.
1475 1991 1755 2074 primum
1804 2013 1881 2055 ex
1928 1991 2255 2058 additione
2304 1995 2785 2076 adverbiorum,
2828 1988 3055 2075 particu-

658 2098 894 2180 larum,
941 2096 1492 2183 coniunctionum,
1539 2097 1769 2162 deinde
1819 2121 1894 2162 ex
1941 2100 2223 2165 rectione
2270 2122 2566 2185 casuum,
2624 2097 3051 2172 infinitivorum‚

658 2203 1154 2269 enuntiatorum.
1255 2207 1448 2287 atque
1513 2208 1650 2269 tam
1716 2209 1861 2270 arta
1924 2206 2294 2272 communio
2360 2208 2535 2271 inter
2598 2204 2955 2290 particulam
3006 2201 3050 2260 et

655 2309 1067 2394 participium
1133 2311 1304 2395 quod
1349 2332 1468 2393 pro
1519 2311 1857 2376 enuntiato
1912 2312 2290 2378 secundario
2342 2317 2692 2398 usurpatur
2736 2309 3046 2394 saepissime

654 2419 771 2501 est,
802 2420 874 2481 ut
911 2417 1154 2482 omissa
1190 2418 1510 2501 particula
1547 2439 1681 2482 non
1720 2416 1881 2483 satis
1922 2423 2253 2503 appareat,
2292 2441 2419 2503 quo
2460 2441 2660 2484 sensu
2696 2413 3036 2502 participium

654 2525 1032 2607 usurpatum
1071 2522 1160 2587 sit
1195 2526 1309 2586 aut
1345 2523 1446 2586 cui
1489 2525 1973 2590 enuntiatorum
2012 2525 2541 2590 secundariorum
2591 2523 2809 2611 generi
2838 2537 3039 2601 respon·

654 2630 822 2694 deat.
903 2631 1123 2694 omnia
1179 2634 1394 2695 autem
1449 2631 1565 2696 illa
1627 2654 1792 2716 quae
1839 2633 1921 2697 ad
1980 2633 2323 2717 participia
2370 2634 2676 2699 accedere
2722 2650 2887 2715 posse
2923 2620 3043 2685 dixi·

653 2758 798 2799 mus
854 2736 1160 2820 quoniam
1217 2737 1410 2800 certis
1465 2738 1851 2821 quibusdam
1898 2740 2236 2822 particulis
2284 2740 2569 2823 exceptis
2620 2762 2766 2806 oum
2806 2731 3035 2800 substan-

650 2841 804 2905 tivis
853 2840 1160 2924 coniungi
1213 2862 1346 2905 non
1394 2848 1695 2928 possunt,
1751 2844 2242 2930 participiorum
2298 2867 2444 2910 cum
2511 2848 2729 2911 verbis
2782 2834 3043 2907 artissima

653 2946 1024 3011 coniunctio
1072 2946 1307 3010 clarius
1353 2948 1580 3012 elucet.
1664 2951 1775 3014 sed
1835 2950 2095 3036 singula
2140 2972 2383 3036 genera
2438 2952 2544 3029 liic
2607 2968 2849 3037 quoque
2896 2956 3046 3025 quam

653 3051 1156 3117 accuratissime·
1181 3052 1638 3138 distinguenda
1684 3060 1861 3139 sunt,
1920 3057 2075 3140 quia
2121 3057 2468 3139 scriptores
2514 3058 2643 3141 illi,
2699 3068 2943 3140 quorum
2980 3041 3048 3105 di·

652 3160 837 3224 cendi
885 3159 1415 3224 consuetudinem
1472 3161 1663 3225 nobis
1710 3162 2022 3246 indagare
2079 3163 2562 3246 proposuimus,
2611 3162 2805 3227 etiam
2854 3156 2957 3219 hac
3000 3148 3050 3210 in

650 3269 834 3350 parte
891 3287 1012 3330 nee
1065 3266 1227 3329 fines
1283 3267 1364 3330 ab
1431 3266 1578 3330 aliis
1637 3267 2030 3331 constitutos
2094 3268 2491 3333 servaverint
2544 3290 2666 3335 nec
2720 3282 2911 3349 pauca
2958 3250 3053 3319 sibi

651 3372 1048 3456 sumpserint
1085 3372 1406 3437 audacius.
1485 3395 1560 3438 ac
1597 3394 1762 3459 quae
1808 3374 1951 3439 laus
1997 3374 2467 3459 posterioribus
2516 3370 2926 3459 scriptoribus
2965 3357 3051 3423 tri-

652 3478 908 3543 buenda
964 3482 1064 3542 est
1108 3480 1179 3543 in
1216 3479 1339 3543 hoc
1394 3479 1704 3545 idiomate
1750 3479 2198 3566 perpoliendo,
2253 3502 2329 3544 ea
2384 3482 2661 3545 maxime
2708 3473 2967 3544 cernitur
3002 3464 3053 3527 in

649 3606 914 3649 numero
981 3586 1440 3651 vocabulorum
1513 3585 1666 3651 huic
1738 3587 1885 3652 usui
1959 3587 2447 3651 inservientium
2526 3583 2922 3671 amplificato
2996 3590 3052 3633 ex

649 3691 1220 3774 grammaticorum
1265 3694 1438 3757 enim
1487 3694 1670 3759 libris
1722 3696 1995 3778 apparet
2052 3695 2309 3776 praeter
2352 3696 2464 3776 ut,
2513 3691 2761 3777 quasi,
2807 3679 3057 3754 statim,
3153 3736 3166 3757 ⁴

648 3797 805 3861 nisi
851 3795 1230 3863 Ciceronem
1276 3804 1342 3863 et
1379 3797 1723 3866 Caesarem
1773 3800 1955 3865 nulla
2000 3799 2401 3880 adhibuisse,
2446 3798 2700 3864 Livium
2747 3814 2873 3861 voc.
2915 3792 3054 3851 tan-

650 3926 899 3987 quam,
954 3904 1206 3988 velut,
1262 3908 1558 3989 utpote,
1622 3928 1773 3970 non
1830 3910 2268 3991 antequam,
2324 3906 2740 3991 extemplo,
2792 3894 3051 3967 vixdum

648 4010 986 4075 addidisse.
1062 4011 1382 4076 rationem
1423 4016 1667 4089 autem,
1706 4035 1868 4098 quae
1905 4012 2246 4077 intercedit
2281 4013 2451 4075 inter
2487 4012 2659 4077 hunc
2706 4027 2883 4073 usum
2916 3996 3049 4109 priOJ

647 4138 791 4181 rum
839 4121 904 4181 et
939 4116 1262 4201 Sallustii,
1309 4116 1538 4201 Vellei,
1585 4117 1815 4200 Taciti,
1860 4140 1942 4183 ne
1982 4118 2337 4203 attigerunt
2382 4118 2641 4202 quidem
2680 4102 3051 4201 grammaticb

648 4229 722 4287 ut
773 4223 1150 4309 Draegeri¹)
1215 4248 1292 4289 ea
1346 4248 1608 4309 prorsus
1664 4225 1835 4289 falsa
1893 4226 2110 4307 opinio
2168 4229 2297 4309 est,
2378 4247 2507 4308 qua
2564 4244 2745 4287 usum
2796 4216 3049 4283 nostrum

649 4329 819 4411 apud
863 4328 1246 4396 Sallustium
1293 4330 1569 4397 inveniri
1611 4334 1829 4415 negat.
1917 4352 2125 4413 neque
2172 4330 2251 4394 de
2299 4330 2508 4397 Vellei
2556 4330 2717 4410 ulla,
2772 4340 2921 4407 quae
2961 4312 3051 4425 ob·

646 4435 1116 4501 servationibus
1155 4438 1348 4502 certis
1375 4438 1695 4520 nitantur,
1741 4440 2085 4525 praecepta
2122 4440 2400 4502 exstant.
2466 4459 2541 4502 ac
2578 4436 2655 4499 de
2694 4429 2901 4496 Tacito
2934 4437 3045 4503 qm·

791 4666 843 4731 1)
881 4664 1036 4732 Synt.
1076 4664 1191 4716 und
1229 4663 1338 4717 Stil
1376 4665 1474 4719 des
1514 4665 1648 4719 Tac.
1688 4670 1719 4731 ξ
1756 4671 1877 4721 215.
