3303 5235
979 339 1063 394 De
1099 338 1385 409 participii
1419 340 1620 393 natura
1655 337 1939 392 nominali.
2594 335 2675 398 19

217 508 274 590 I,
328 507 410 571 12
442 506 603 588 *quia
648 504 944 569 credenda
989 502 1421 581 afferebantur.
1493 503 1578 566 ib.
1622 501 1786 566 nihii
1830 501 1901 565 in
1943 500 2075 564 vita
2117 500 2246 564 nisi
2294 497 2679 563 laudandum

217 619 338 678 aut
383 613 527 694 fecit
577 617 692 676 aut
741 611 915 676 dixit.
985 597 1056 688 ⁴I,
1108 611 1186 674 17
1243 610 1372 674 nisi
1425 628 1646 690 aspera
1701 627 1775 672 ac
1818 607 2007 671 rudia
2059 611 2295 689 repetas
2340 611 2398 670 et
2438 605 2673 670 inventi

221 698 552 784 laudanda
595 719 861 783 nomine.
943 715 1099 780 san.
1147 714 1286 780 cat.
1339 715 1447 798 10,
1493 715 1534 778 2
1595 715 1882 796 optanda.
1960 714 2071 797 64,
2123 714 2156 776 1
2204 713 2429 792 virtus,
2467 711 2674 794 ,qloria

226 832 410 908 atque
453 825 591 889 alia
635 824 906 906 optanda
951 809 1138 887 b'onia
1161 819 1212 908 ¹)

1259 1125 1501 1220 Caput
1554 1125 1644 1199 ΙΙ.

852 1289 946 1357 De
1001 1287 1354 1378 participii
1405 1290 1656 1359 natura
1708 1287 2061 1360 nominali.

1384 1481 1424 1558 ἓ
1469 1478 1528 1544 5.

597 1612 698 1667 De
711 1609 1109 1681 ,participiis
1155 1609 1653 1669 adiectivorum
1696 1610 1909 1666 instar
1952 1609 2322 1681 usurpatis.

411 1745 622 1810 Taciti
685 1765 875 1810 usum
940 1742 1191 1808 dicendi
1255 1745 1598 1830 diligenter
1670 1745 2185 1829 perscrutantem
2257 1743 2481 1829 fugere
2552 1765 2684 1808 non

230 1854 450 1936 potest
496 1852 613 1915 illa
652 1849 984 1934 scriptoris
1022 1851 1440 1934 consuetudO,
1489 1851 1833 1916 secundum
1866 1873 2060 1934 quam
2108 1850 2423 1935 singulari
2471 1849 2683 1915 studio

189 2025 202 2030 ,
230 1957 594 2042 participiis
633 1957 902 2022 eandem
939 1960 1130 2040 atque
1171 1957 1503 2022 ¹adiectivis
1541 1961 1933 2041 potestatem
1971 1956 2065 2022 ita
2102 1957 2351 2041 tribuit,
2397 1959 2473 2021 ut
2513 1956 2685 2020 haud

230 2086 380 2128 raro
428 2087 505 2134 ex
540 2062 748 2129 tribus
788 2063 1145 2144 attributis,
1183 2084 1347 2146 quae
1376 2067 1490 2128 aut
1518 2063 1599 2128 ad
1636 2051 1807 2128 idem
1847 2062 2325 2128 substantivum
2361 2063 2688 2146 pertinent

236 2173 350 2233 aut
409 2170 512 2234 sui
570 2169 727 2233 iuris
789 2172 966 2251 sunt,
1026 2167 1307 2251 primum
1370 2172 1435 2232 et
1491 2169 1791 2233 ultimum
1846 2169 2088 2232 iustum
2145 2168 2533 2234 adiectivum
2581 2169 2684 2252 sit,

237 2274 518 2339 medium
549 2277 763 2338 autem
790 2273 1219 2358 participium.
1281 2295 1445 2356 quae
1474 2295 1620 2338 cum
1658 2275 1755 2338 ita
1784 2274 1930 2358 sint,
1966 2275 2150 2357 patet
2188 2273 2573 2338 adiectivum
2622 2277 2687 2338 et

239 2381 654 2466 participium
711 2379 933 2444 eadem
987 2380 1051 2444 vi
1107 2383 1173 2443 et
1223 2384 1548 2464 potestate
1604 2381 1721 2446 uti.
1799 2379 1990 2444 huius
2046 2401 2202 2444 usus
2214 2430 2231 2462 ‚
2288 2402 2477 2464 quem
2534 2402 2683 2445 con-

235 2488 510 2552 fidenter
570 2486 1022 2571 negaverimus
1079 2485 1247 2568 apud
1291 2487 1495 2552 ullum
1550 2488 1749 2552 alium
1802 2487 1905 2552 vel
1961 2486 2219 2551 vinctae
2274 2489 2377 2552 vel
2439 2488 2687 2553 solutae

239 2595 552 2660 orationis
611 2593 988 2676 scriptorem
1042 2594 1179 2655 tam
1246 2593 1568 2677 expressis
1624 2599 1701 2660 ut
1764 2595 1858 2659 ita
1918 2592 2205 2659 dicamus
2273 2592 2476 2679 signis
2547 2614 2688 2659 esse

237 2701 629 2784 adhibitum,
683 2699 968 2764 studium
1013 2698 1229 2763 Taciti
1274 2721 1494 2782 presse
1558 2700 1811 2766 dicendi
1858 2700 2297 2784 orationisque
2342 2700 2689 2765 variandae

239 2806 586 2871 manifesta
633 2827 827 2870 causa
874 2806 1045 2882 erat,
1090 2803 1156 2868 id
1197 2805 1367 2888 quod
1410 2806 1739 2890 paucitate
1790 2805 2251 2871 adiectivorum
2299 2829 2425 2891 qua
2464 2807 2689 2890 lingua

237 2911 475 2976 Latina
520 2912 775 2976 laborat
821 2910 1193 2996 augebatur.

417 3016 791 3083 Inserviunt
837 3020 1054 3080 autem
1100 3016 1197 3079 illi
1245 3017 1695 3083 consuetudini
1742 3017 2030 3081 omnium
2076 3020 2439 3101 temporum
2486 3018 2683 3101 parti-

242 3123 408 3206 cipia
450 3124 875 3208 inprimisque
921 3122 1338 3207 participium
1382 3122 1583 3188 futuri
1631 3124 1853 3207 activi,
1900 3124 2069 3207 quod
2114 3128 2380 3207 propter
2425 3124 2688 3188 insitam

251 3228 308 3292 ei
362 3228 742 3294 facilitatem
797 3229 1210 3313 aptissimum
1267 3232 1366 3293 est
1420 3226 1528 3313 (cf.
1577 3232 1616 3310 ἓ
1670 3228 1799 3315 15).
1883 3229 2049 3293 sicut
2102 3229 2254 3294 hist.
2299 3228 2380 3313 V,
2424 3228 2495 3294 5:
2542 3248 2687 3310 pro-

238 3335 424 3416 fanos
477 3334 590 3417 (sc.
635 3333 855 3400 Iudaei
904 3355 1043 3398 csse
1090 3332 1337 3421 dicunt)
1393 3336 1502 3417 qui
1556 3337 1736 3401 deum
1788 3336 2089 3419 imaqines
2140 3335 2503 3400 mortalibus
2556 3355 2689 3399 ma-

242 3442 413 3505 teriis
435 3476 450 3487 κ
473 3442 544 3506 in
604 3442 828 3524 species
889 3440 1206 3505 hominum
1270 3441 1599 3523 effinyant:
1662 3462 1972 3507 summum
2034 3441 2195 3507 illud
2254 3446 2313 3505 et
2372 3446 2690 3505 aeternum

243 3568 432 3629 neque
475 3548 774 3613 imitabile
818 3567 1008 3629 neque
1051 3546 1466 3612 interiturum.

419 3650 612 3717 Certo
678 3653 879 3737 igitur
941 3653 1100 3717 haec
1162 3654 1524 3737 proprietas
1591 3652 1790 3738 digna
1844 3656 1969 3737 est,
2036 3675 2202 3738 quae
2256 3654 2479 3738 paucis
2545 3655 2687 3719 illu·

246 3761 498 3842 stretur,
546 3781 692 3823 cum
738 3758 818 3823 ad
863 3759 1233 3823 liberiorem
1277 3758 1490 3824 Taciti
1533 3759 2028 3845 participiorum
2073 3782 2261 3825 usum
2310 3760 2549 3825 rectius
2596 3760 2687 3824 in-

245 3865 682 3950 tellegendum
728 3866 1122 3949 permultum
1168 3865 1478 3930 conferat.

389 4044 440 4107 1)
481 4040 746 4095 Ottonem
783 4038 856 4091 ad
893 4038 1022 4093 Tac.
1061 4056 1187 4093 ann.
1222 4032 1324 4108 111,
1361 4043 1447 4106 55,
1486 4044 1517 4093 5
1567 4039 1848 4093 offendere
1887 4038 2111 4094 videtur
2148 4039 2289 4095 Plin.
2331 4056 2415 4109 ep.
2455 4038 2577 4108 V11,
2617 4045 2686 4093 20

245 4132 308 4181 tw
340 4127 478 4182 mihi
511 4130 747 4183 maxime
781 4128 1071 4183 imitabilis
1115 4128 1353 4199 maoqime
1386 4128 1693 4183 imitandus
1736 4129 2037 4195 videbaris,
2086 4145 2217 4181 nam
2254 4130 2468 4183 certum
2516 4128 2690 4197 quod-

245 4216 375 4271 dam
430 4216 729 4273 discrimen
785 4216 1134 4271 intercedere
1188 4217 1335 4271 inter
1391 4216 1734 4278 adjectivum
1788 4215 2163 4271 imitabilis
2217 4218 2275 4272 et
2327 4216 2689 4287 participium

245 4304 619 4359 imitandus
665 4308 839 4375 patet.
905 4322 970 4359 ac
1009 4322 1136 4361 mea
1171 4305 1401 4374 quidem
1449 4306 1733 4361 sententia
1777 4306 2081 4375 praeeunte
2127 4305 2412 4361 adiectivo
2462 4305 2689 4361 imita-

245 4392 407 4447 bilis
453 4393 739 4449 indicatur
783 4392 1144 4464 participium
1191 4392 1567 4447 imitandus
1613 4394 1722 4448 hoc
1757 4394 1884 4449 loco
1935 4393 2204 4448 usitatam
2239 4393 2444 4448 habere
2483 4393 2690 4463 signifi-

247 4482 551 4551 cationem,
603 4482 813 4551 quippe
861 4481 1011 4551 quod
1060 4480 1352 4550 praedicet
1395 4480 1612 4549 aliquid
1654 4482 1773 4537 fieri
1818 4500 2044 4552 prorsus
2084 4482 2311 4551 debere,
2364 4499 2491 4537 cum
2541 4481 2689 4535 imi-

247 4570 490 4625 tabilis
548 4570 596 4622 is
654 4570 753 4640 sit,
809 4571 906 4640 qui
963 4570 1164 4639 dignus
1221 4572 1308 4624 est
1360 4569 1701 4639 imitatione,
1761 4572 1858 4624 sed
1917 4587 2083 4639 quem
2139 4570 2349 4624 imitari
2403 4569 2555 4623 haud
2609 4570 2692 4623 ita

247 4674 384 4727 opus
423 4660 526 4713 est.

2194 4746 2267 4801 2*
