3303 5235
537 243 668 308 104
1608 241 1790 310 Caput
1824 240 1920 297 IV.

535 407 716 489 sunt,
777 405 848 470 in
913 405 1143 490 quibus
1200 427 1277 469 ex
1341 403 1871 490 antecedentibus
1931 403 2290 468 subiectum
2354 405 2707 487 suppletur.
2809 403 2989 468 velut

538 511 687 576 Tac.
725 533 876 576 ann.
911 512 962 596 I,
1009 512 1051 578 5
1095 511 1241 576 hacc
1285 515 1342 575 et
1386 511 1544 576 talia
1587 510 1967 593 ayitantibus
2002 529 2349 592 9ravescere
2390 511 2668 588 valetudo
2694 510 2991 592 Auyusti.

534 619 565 682 I
579 668 596 700 ,
641 620 726 684 29
775 619 1094 684 orantibus
1148 637 1404 683 rursum
1455 618 1618 682 idem
1660 616 1961 682 Blaesius
2006 622 2064 681 et
2104 617 2341 681 Lucius
2382 617 2705 699 Apronius
2748 619 2838 682 ad
2882 617 2991 680 Ti-

535 727 770 792 berium
825 726 1170 790 mittuntur.
1254 722 1444 809 XIII,
1506 725 1541 788 7
1599 722 2009 806 vulgantibus.
2090 721 2279 808 XIII,
2338 723 2421 796 15,
2472 723 2997 806 promittentibus

538 832 688 897 hist.
733 829 849 909 IV,
891 830 982 896 25
1013 829 1417 913 poscentibus.
1489 827 1606 907 IV,
1651 828 1734 893 27
1783 828 2234 895 minitantibus.
2308 830 2507 898 etiam
2559 851 2827 914 prorsus
2872 829 2996 894 im-

537 937 970 1022 personaliter
1009 937 1330 1002 ablativus
1368 938 1738 1020 usurpatur,
1775 933 1945 1019 quod
1984 934 2233 1020 accidit,
2270 936 2327 1002 si
2364 937 2551 1019 rati0,
2596 957 2760 1021 quae
2796 937 2989 1002 inter·

538 1045 708 1109 cedit
760 1043 934 1108 inter
990 1043 1347 1108 ablativum
1404 1042 1938 1127 enuntiatumque
1995 1041 2377 1107 antecedens
2431 1065 2567 1108 non
2614 1065 2693 1108 ea
2736 1046 2865 1126 est,
2924 1045 3005 1106 ut

538 1151 779 1216 habeas
855 1150 1240 1234 subiectum,
1316 1150 1487 1233 quod
1543 1149 1863 1234 suppleas.
1945 1170 2111 1214 unus
2165 1149 2275 1215 ille
2334 1151 2515 1216 locus
2572 1150 2726 1216 hist.
2769 1148 2884 1233 IV,
2944 1151 3009 1232 1,

542 1258 653 1322 ubi
698 1256 1111 1342 participium
1168 1279 1326 1323 sane
1378 1279 1512 1322 non
1565 1260 1667 1322 est
1720 1257 2033 1340 temporis
2096 1257 2452 1341 praesentis
2506 1257 2633 1324 hue
2684 1257 3007 1341 pertinet:

533 1364 775 1446 passim
831 1365 1179 1448 trucidatis,
1231 1371 1304 1430 ut
1353 1385 1644 1448 quemque
1694 1364 1831 1445 fors
1882 1363 2195 1429 obtulerat.
2249 1401 2321 1412 --
2386 1362 2685 1431 Ceterum
2746 1385 3009 1448 caveas,

539 1493 622 1536 ne
667 1471 839 1536 hune
884 1493 1074 1537 usum
1120 1471 1476 1538 confundas
1533 1493 1679 1536 cum
1726 1470 1943 1536 dativo
1990 1470 2315 1555 participii
2373 1471 2759 1556 praesentis,
2804 1493 3011 1556 quem

541 1579 834 1644 absolute
892 1578 1184 1662 positum
1239 1600 1378 1643 esse
1447 1578 1612 1643 falso
1668 1577 1911 1642 dieunt.
2012 1577 2102 1642 sie
2158 1575 2445 1662 Draeger
2500 1580 2567 1642 et
2618 1576 3009 1663 Nipperdey

541 1682 651 1772 (ad
697 1707 846 1750 ann.
883 1685 934 1769 I,
961 1683 1074 1772 29)
1123 1684 1367 1750 habent
1411 1708 1528 1770 pro
1575 1684 1879 1769 ablativo,
1924 1684 2096 1768 quod
2144 1687 2243 1748 est
2288 1684 2541 1750 dativus
2588 1682 2839 1770 (Agric.
2886 1687 3009 1772 183

540 1793 689 1858 hist.
737 1793 790 1878 I,
835 1794 952 1880 273
991 1791 1078 1877 II,
1124 1791 1259 1879 50).

541 1986 590 2053 Ι.
676 1987 767 2051 De
813 1986 1104 2054 ablativo
1151 1986 1446 2054 absoluto
1504 1987 1687 2053 cuius
1744 1986 2098 2052 subiectum
2152 1985 2225 2050 in
2269 1986 2603 2052 enuntiato
2649 1987 3011 2071 principali

1583 2094 1967 2160 nominatur.

720 2218 848 2284 Hic
887 2242 1037 2286 usus
1077 2219 1423 2287 admodum
1462 2221 1877 2288 circumcisus
1916 2222 2033 2284 est.
2094 2216 2469 2284 Ciceronem
2515 2223 2691 2286 certe
2740 2223 3007 2286 constat

544 2325 713 2394 hane
776 2327 1108 2394 licentiam
1163 2349 1298 2392 non
1361 2327 1728 2411 admisisse,
1783 2326 1911 2392 nisi
1964 2346 2352 2410 pronomen,
2407 2325 2577 2410 quod
2636 2327 2997 2392 subiectum

545 2435 861 2500 enuntiati
919 2434 1278 2501 secundarii
1335 2437 1461 2518 est,
1516 2433 1813 2519 inprimis
1872 2431 2302 2498 exhibendum
2358 2435 2513 2498 erat.
2604 2431 2777 2496 Livii
2824 2433 2992 2498 locos

546 2542 809 2629 collegit
855 2541 1321 2608 Weissenborn
1381 2541 1461 2605 ad
1509 2541 1647 2606 Liv.
1694 2540 1753 2624 I,
1799 2541 1902 2623 28,
1953 2539 2053 2604 10.
2143 2537 2429 2604 Velleius
2466 2538 2703 2604 reicere
2750 2540 3007 2605 videtur

544 2650 714 2714 hanc
777 2648 1162 2713 libertatem.
1273 2645 1564 2713 Sallustii
1639 2669 1834 2729 unuS,
1909 2645 2118 2711 Taciti
2189 2645 2548 2729 complures
2613 2647 2737 2711 loci
2798 2646 2997 2709 nobis

545 2756 801 2840 praesto
851 2757 1029 2817 sunt:
1090 2774 1238 2818 ann.
1283 2753 1462 2837 XIV,
1513 2755 1595 2818 10
1651 2754 1759 2819 sed
1811 2774 1853 2816 a
1900 2750 2159 2817 Caesare
2190 2753 2458 2835 perfecto
2503 2754 2748 2818 demum
2786 2753 3003 2817 scelere

545 2852 906 2943 maynitudo
961 2860 1092 2923 eius
1145 2860 1448 2925 intellecta
1501 2864 1604 2927 est.
1688 2858 1830 2941 XV,
1876 2860 1963 2925 30
2017 2861 2320 2942 royitante
2370 2881 2507 2943 reye
2560 2880 2779 2926 causas
2823 2909 2840 2925 .
2877 2910 2891 2923 .
2932 2908 2951 2923 .
2992 2910 3013 2925 .

545 2971 762 3033 cuncta
809 2967 876 3031 in
922 2966 1128 3031 maius
1173 2966 1457 3031 attollens
1499 2968 1913 3033 admiratione
1944 2968 2147 3048 prisci
2190 2968 2383 3032 moris
2425 2966 2648 3047 affecit.
2727 2964 2872 3049 XV,
2918 2964 3013 3030 51

547 3074 970 3141 cunctantibus
1023 3074 1598 3156 prolatantibusque
1650 3094 1817 3155 spem
1872 3094 1945 3137 ae
2006 3078 2234 3139 metum
2286 3072 2625 3155 Epicharis
2686 3074 3023 3137 accendere

548 3187 605 3247 et
646 3202 901 3263 aryuere
954 3181 1324 3245 coniuratos.
1405 3177 1594 3263 XVI,
1643 3180 1728 3243 14
1782 3179 1888 3243 ille
1930 3178 2150 3245 hausto
2205 3200 2429 3245 veneno
2476 3180 2831 3245 tarditatem
2874 3180 3027 3245 eius

542 3308 804 3371 prorsus
857 3287 1164 3353 intercisis
1217 3287 1386 3351 venis
1439 3290 1694 3350 mortem
1746 3286 2193 3367 amoereravit.
2278 3285 2435 3351 XVI
2444 3336 2466 3370 ,Α
2511 3287 2591 3350 17
2654 3306 2773 3367 quo
2818 3287 3027 3350 inter-

545 3398 698 3478 fecto
756 3396 906 3460 dum
965 3414 1095 3459 rem
1148 3394 1536 3474 familiarem
1593 3392 1727 3457 eius
1780 3392 2005 3456 acriter
2058 3392 2334 3473 requirit.
2416 3389 2569 3475 Sall.
2614 3390 2761 3457 Cat.
2802 3394 2921 3475 48,
2985 3394 3025 3457 7

549 3524 666 3585 quo
721 3501 978 3581 facilius
1031 3501 1335 3582 appellato
1383 3498 1608 3565 Orasso
1651 3519 1767 3579 per
1818 3498 2158 3565 societatem
2200 3499 2471 3580 periculi
2522 3499 2787 3581 reliquos
2832 3499 3029 3565 illius

539 3608 820 3690 potentia
879 3611 1106 3689 teyeret.
1167 3644 1244 3651 —-
1319 3604 1560 3681 Quodsi
1621 3607 1836 3668 autem
1896 3604 2019 3669 hoc
2088 3604 2331 3669 idioma
2390 3608 2615 3670 contra
2674 3607 3027 3690 generales

555 3714 828 3779 ablativi
883 3714 1084 3778 absol.
1143 3734 1296 3777 usus
1351 3713 1527 3797 leges
1582 3713 1861 3796 pugnat,
1918 3711 2278 3795 quaeritur,
2322 3733 2435 3777 cur
2477 3716 2696 3777 tamen
2740 3712 3031 3796 scripto-

553 3843 655 3886 res
711 3820 777 3885 id
839 3841 972 3885 non
1038 3818 1450 3903 repudiarint.
1525 3838 1719 3882 causa
1808 3839 1897 3889 ea¹
1949 3839 2087 3881 esse
2154 3816 2431 3900 videtur,
2499 3818 2669 3901 quod
2734 3818 3034 3902 scriptor

555 3928 810 4013 singula
847 3927 1122 3991 actionis
1167 3930 1478 4009 tanquam
1526 3924 1815 3989 membra
1856 3923 2193 4007 disponere
2238 3924 2457 4007 itaque
2495 3924 2859 3988 accuratius
2900 3925 3033 3989 de-

463 4040 472 4043 ’
553 4034 821 4119 pingere
897 4032 1158 4099 studuit.
1268 4032 1602 4115 praeterea
1674 4030 1738 4093 id
1808 4052 2275 4116 nonnunquam
2350 4029 2588 4114 effecit,
2670 4034 2743 4093 ut
2814 4030 3029 4095 duras

557 4144 914 4205 structuras
959 4138 1148 4203 facile
1196 4138 1447 4202 vitaret.

901 4334 974 4398 K.
1057 4334 1147 4396 De
1194 4331 1486 4397 ablativo
1534 4329 1829 4397 absoluto
1875 4330 2206 4415 participii
2250 4329 2459 4396 futuri
2503 4346 2668 4414 pass.

736 4458 882 4522 Iure
928 4456 1179 4523 mireris
1225 4457 1302 4521 de
1351 4425 1918 4541 explicationibus,
1966 4455 2197 4539 quibus
2245 4455 2523 4521 editores
2575 4454 2755 4520 locos
2802 4455 3027 4521 Taciti

563 4564 876 4650 quosdam
949 4563 1441 4630 obscurissimos
1517 4585 1665 4629 ann.
1735 4562 1859 4647 III,
1926 4562 2031 4647 19,
2099 4562 2274 4646 XIV,
2333 4564 2377 4629 4
2446 4562 2807 4627 illustrasse
2886 4562 3029 4629 sibi
