3303 5235
611 299 697 362 80
1680 299 1864 368 Caput
1900 298 1995 352 IV.

609 462 1047 546 unusquisque
1075 484 1192 546 pro
1232 464 1406 526 certo
1435 460 1733 544 habebit,
1764 462 1873 545 qui
1902 459 2247 525 Emanueli
2276 457 2715 545 Hoffmanni¹)
2738 481 3065 525 commen-

609 568 925 633 tationem
961 569 1294 654 ingeniose
1333 569 1642 651 scriptam
1682 571 1929 632 attente
1956 567 2319 652 perlegerit.
2378 567 2715 650 repudiata
2752 567 2927 630 enim
2964 589 3067 630 ra-

608 674 786 740 tione
853 675 1212 760 explicandi
1276 675 1591 759 priorum,
1647 675 1880 757 quibus
1936 678 2050 738 aut
2104 674 2186 739 ad
2242 672 2632 740 Graecorum
2698 695 3071 738 sermonem

607 781 934 867 relegasse
999 787 1114 847 aut
1167 804 1356 846 usum
1420 781 1727 865 loquendi
1790 781 2071 866 aliquem
2129 781 2394 845 nomine
2448 780 2902 844 tantummodo
2961 780 3068 842 de-

609 889 902 972 signasse
967 893 1080 953 aut
1145 888 1488 953 statuenda
1552 888 1769 972 ellipsi
1833 887 2153 973 angustiis
2211 909 2279 950 se
2334 888 2731 971 expedivisse
2790 887 3073 962 suffecit,

606 994 704 1058 vir
757 994 865 1058 ille
920 995 1332 1061 doctissimus
1380 996 1871 1079 grammaticam
1927 995 2245 1059 rationem
2298 993 2533 1058 talium
2590 997 3069 1058 structurarum

609 1100 1025 1185 sagacissime
1072 1101 1412 1185 indagavit
1448 1123 1795 1185 earumque
1834 1101 1967 1166 vim
2004 1105 2071 1164 et
2106 1103 2497 1183 potestatem
2546 1100 2945 1184 argumentis
2987 1099 3071 1162 ad

608 1207 1121 1290 persuadendum
1184 1208 1534 1292 aptissimis
1583 1229 1661 1272 ex
1706 1209 1965 1292 linguae
2011 1206 2284 1271 Latinae
2342 1207 2534 1272 certis
2580 1206 2835 1291 legibus
2881 1227 3069 1288 repe-

607 1314 754 1377 tivit
798 1314 1000 1398 probe
1039 1315 1267 1392 scienS,
1314 1317 1594 1397 quantus
1631 1315 1879 1378 fructus
1925 1312 2241 1378 redundet
2278 1334 2355 1376 cx
2390 1313 2664 1377 historia
2710 1315 3071 1376 structura-

607 1442 751 1484 rum
815 1421 1296 1485 consideranda.
1387 1420 1538 1484 huic
1602 1421 1773 1484 enim
1846 1419 2249 1505 propositum
2324 1423 2424 1484 est
2493 1441 2681 1485 usum
2754 1418 3072 1501 loquendi

608 1527 888 1612 aliquem
935 1528 1017 1591 ad
1060 1527 1272 1612 prima
1318 1527 1594 1611 vestigia
1638 1527 1937 1592 reducere
1983 1530 2048 1590 et
2094 1526 2429 1609 explicare,
2478 1521 2799 1611 quomodo
2848 1525 3072 1608 magis

611 1633 946 1716 magisque
993 1653 1281 1696 crescens
1329 1653 1472 1695 eam
1515 1632 1795 1695 formam
1843 1632 2187 1716 acceperit,
2234 1654 2395 1716 quae
2444 1632 2749 1717 explicari
2794 1651 3072 1713 prorsus

612 1743 909 1823 nequeat,
944 1739 1071 1803 nisi
1108 1739 1316 1822 ipsam
1355 1738 1535 1802 illam
1575 1737 2036 1823 grammaticae
2076 1737 2234 1801 artis
2272 1738 2675 1822 disciplinam
2714 1737 3073 1820 respexeri-

611 1867 772 1909 mus,
869 1846 970 1909 cui
1027 1846 1119 1908 rei
1175 1867 1320 1909 cum
1367 1844 1719 1909 Hoffmann
1766 1844 2030 1908 minime
2087 1843 2363 1928 deesset,
2420 1845 2665 1928 optime
2703 1843 2947 1926 effecit,
2998 1847 3074 1907 ut

609 1953 854 2016 crimen
902 1951 1060 2016 illud
1106 1951 1428 2016 refelleret
1474 1951 1643 2035 quod
1692 1949 1918 2015 Tacito
1967 1949 2187 2015 datum
2226 1955 2353 2036 est,
2397 1955 2707 2034 tanquam
2754 1951 2812 2014 si
2860 1953 3067 2014 struc-

607 2062 786 2121 turas
843 2080 921 2121 ex
978 2057 1365 2122 Graecorum
1431 2079 1725 2121 sermone
1788 2057 2096 2142 repetitas
2160 2058 2254 2121 ita
2318 2057 2745 2140 adhibuisset,
2802 2060 2880 2120 ut
2932 2079 3067 2121 non

610 2168 788 2228 recta
834 2165 1000 2230 ratio
1057 2169 1230 2230 esset
1273 2165 1441 2228 inter
1487 2163 1632 2227 illas
1682 2165 1747 2226 et
1792 2165 2125 2248 generales
2172 2163 2433 2249 linguae
2480 2162 2754 2227 Latinae
2800 2161 3079 2248 leges.²).

607 2271 804 2335 immo
871 2271 1339 2336 demonstravit
1405 2291 1626 2333 omnes
1691 2291 1793 2332 res
1860 2290 2023 2353 quae
2079 2269 2319 2353 aliquid
2385 2269 2758 2333 offensionis
2824 2269 3055 2333 habere

605 2378 990 2442 videbantur
1063 2399 1140 2441 ex
1215 2376 1424 2442 Taciti
1490 2365 1625 2439 afte
1691 2375 1954 2459 linguae
2018 2375 2404 2439 excolendae
2470 2378 2534 2438 et
2604 2375 3065 2459 perpoliendae

607 2505 798 2566 posse
845 2483 1166 2567 explicari.
1239 2505 1394 2548 nam
1447 2483 1741 2568 profecto
1790 2483 2050 2547 Tacitus
2107 2483 2368 2567 linguae
2424 2482 2600 2566 leges
2654 2481 2831 2547 haud
2878 2484 3067 2566 parvi

609 2587 940 2675 ae'stimat,
1008 2591 1117 2655 sed
1174 2590 1499 2657 indefesso
1565 2590 1780 2655 studio
1836 2590 2106 2675 parvula
2160 2589 2349 2654 initia
2408 2610 2800 2674 persequens
2853 2612 3063 2655 novas

608 2700 673 2761 et
725 2698 1052 2762 inauditas
1099 2699 1341 2762 formas
1388 2698 1768 2782 procreavit.
1848 2697 2066 2779 itaque
2112 2695 2471 2760 videbimus
2516 2697 2584 2761 in
2630 2696 2888 2761 historia
2934 2698 3052 2759 ali-

607 2804 786 2867 cuius
847 2807 1233 2886 structurae,
1288 2804 1438 2868 licet
1483 2804 1674 2867 haud·
1701 2803 1908 2868 facilis
1958 2804 2043 2867 sit
2088 2803 2170 2866 ad
2222 2804 2759 2887 persequendum,
2812 2806 3053 2885 tamen,

611 2910 666 2973 si
713 2932 898 2973 veras
944 2910 1204 2993 linguae
1251 2910 1428 2995 leges
1476 2915 1753 2995 spectas,
1782 2946 1863 2956 -
1897 2914 1971 2974 ut
2002 2908 2327 2975 Ciceronis
2375 2910 2535 2974 illud
2582 2910 2661 2973 ad
2707 2911 3062 2975 incremen-

605 3019 745 3079 tum
812 3016 1124 3080 sermonis
1190 3016 1458 3080 humani
1522 3018 1987 3083 transferamus
2040 3055 2113 3064 —
2178 3020 2462 3081 extrema
2525 3017 2781 3101 primis,
2847 3017 3066 3081 media

607 3124 921 3207 utrisque,
977 3123 1197 3187 omnia
1244 3124 1545 3187 omnibus
1593 3125 1995 3208 respondere,
2071 3145 2145 3187 ac
2191 3124 2422 3187 talium
2477 3123 2733 3207 quidem
2782 3127 3063 3188 structu-

605 3251 824 3292 rarum
878 3229 1289 3293 similitudini
1346 3250 1730 3293 annumeres
1786 3230 1979 3293 etiam
2027 3251 2213 3294 usum
2262 3230 2543 3314 genetivi
2600 3229 2898 3314 gerundii
2944 3252 3062 3313 per

608 3334 868 3417 ellipsin
913 3335 1109 3419 vulgo
1157 3334 1563 3420 explicatum,
1611 3357 1803 3419 quem
1840 3336 2139 3420 deinceps
2178 3340 2525 3420 praeeunte
2554 3336 2628 3399 E.
2657 3335 3063 3400 Hoffmanno

608 3441 1061 3525 tractabimus,
1124 3441 1236 3506 ubi
1291 3442 1488 3506 etiam
1545 3463 1662 3505 suo
1719 3465 1973 3527 quoque
2029 3444 2170 3508 loco
2226 3443 2581 3507 indicatum
2638 3446 2762 3526 est,
2824 3443 3069 3527 quibus

608 3547 919 3630 exemplis
975 3547 1414 3612 collectionem
1472 3546 1850 3613 Hoffmanni
1904 3550 2415 3634 suppleverimus
2472 3554 2539 3614 et
2594 3570 2708 3613 cur
2764 3568 3045 3612 nonnun

587 3636 800 3738 'quam
846 3655 916 3717 in
961 3653 1458 3738 interpretandis
1497 3656 1807 3738 exemplis
1846 3656 2007 3739 ipsis
2048 3656 2130 3719 ab
2162 3656 2463 3740 opinione
2492 3657 2628 3719 eius
2666 3655 3071 3719 recedamus,

603 3761 823 3843 itaque
869 3761 1078 3844 primo
1125 3761 1268 3825 loco
1317 3761 1756 3846 disputabitur
1802 3762 1879 3825 de
1925 3762 2005 3826 iis
2053 3763 2378 3847 exempliS,
2425 3764 2495 3826 in
2541 3763 2769 3846 quibus

714 3955 769 4009 Ι.
846 3950 1176 4009 Genetivus
1214 3953 1499 4019 gei-undu
1536 3954 1667 4011 vice
1706 3954 2001 4012 infinitivi
2038 3955 2102 4010 in
2139 3955 2508 4013 nominativo
2548 3969 2689 4010 casu
2725 3955 2961 4025 prolati

1590 4043 1766 4110 fungi
1806 4043 2069 4100 videtur.

783 4150 1058 4216 Constat
1095 4151 1425 4217 Romanos
1472 4154 1719 4218 nomini
1766 4154 2020 4239 generis
2066 4175 2303 4218 nomen
2340 4155 2577 4238 speciei
2622 4154 2874 4218 adicere
2926 4178 3063 4219 ma-

605 4259 801 4322 luisse
848 4260 1220 4343 genetivum
1277 4283 1470 4345 quam
1517 4261 2010 4343 appositionem.
2095 4260 2220 4325 hoc
2275 4262 2487 4346 fingas
2544 4262 2880 4344 exemplis:
2938 4284 3065 4345 pro

749 4454 803 4520 1)
832 4452 944 4505 Der
971 4451 1269 4521 angeblich
1300 4450 1617 4521 elliptische
1647 4453 1932 4523 gebrauch
1962 4453 2061 4506 des
2089 4453 2385 4523 genetivus
2412 4452 2674 4522 gerundii
2705 4454 2823 4507 und
2851 4471 3062 4523 gerun-

605 4539 740 4606 divi,
776 4540 970 4594 Jahrb.
1007 4541 1098 4593 fiir
1133 4540 1276 4594 Phil.
1312 4559 1366 4597 u.
1405 4541 1572 4595 Paed.
1613 4542 1733 4595 CIX
1767 4560 1821 4610 p.
1864 4548 1965 4597 545
1994 4542 2049 4599 ff.

749 4634 804 4695 2)
843 4630 964 4683 Hoc
1001 4624 1141 4682 vitio
1179 4646 1290 4683 non
1329 4633 1521 4685 carent
1547 4630 1819 4683 Zernialis
1857 4631 2119 4701 egregiae
2147 4630 2558 4687 dissertationis
2596 4632 2843 4701 (Selecta
2879 4649 3057 4701 quae-
