3303 5235
623 347 665 409 2
1621 349 2054 408 Praemittenda.

629 513 942 576 momenti
990 513 1074 576 sit
1121 517 1186 576 et
1233 511 1496 578 Tacitus
1556 515 1873 599 singulari
1921 516 2132 580 studio
2188 539 2562 601 summaque
2610 518 2933 602 elegantia
2978 518 3079 581 illi

625 618 766 681 usui
813 618 1154 684 excolendo
1201 619 1590 704 incubuerit,
1633 620 1931 704 pluribus
1980 621 2191 686 verbis
2240 623 2504 686 minime
2549 646 2708 707 opus
2748 627 2843 686 est
2880 646 3077 706 expo-

620 747 804 809 nere,
841 729 1153 812 quantum
1193 726 1493 790 utilitatis
1524 750 1601 790 ex
1639 729 1951 810 peculiari
1982 729 2525 794 commentatione
2566 730 2810 814 sperari
2846 730 3080 814 possit,

621 853 748 914 qua
787 833 1114 916 omnibuS,
1164 854 1326 915 quae
1363 833 1487 896 hac
1535 833 1602 897 in
1640 835 1977 917 provincia
2024 835 2231 900 adhuc
2270 836 2472 899 allata
2516 839 2699 920 sunt,
2747 836 3077 900 examina-

619 938 704 1001 tis
744 942 810 1001 et
844 938 1179 1023 perpensis
1217 943 1358 1003 tota
1397 940 1696 1005 materies
1737 963 1929 1024 quam
1960 942 2441 1006 accuratissime
2474 941 3076 1025 comprehendatur.

619 1043 741 1110 hac
788 1044 960 1108 enim
1007 1045 1257 1109 ratione
1303 1046 1562 1110 firmum
1608 1046 1878 1111 iacietur
1912 1048 2431 1133 fundamentum,
2470 1071 2597 1135 quo
2644 1049 2717 1131 ii,
2764 1049 2875 1131 qui
2921 1071 3076 1112 eun-

620 1149 764 1213 dem
812 1172 1000 1214 usum
1047 1153 1216 1235 apud
1273 1153 1434 1218 alios
1483 1155 1828 1238 scriptores
1877 1155 2195 1238 persecuti
2252 1158 2427 1240 sunt,
2482 1177 2652 1219 nova
2700 1158 2891 1238 atque
2940 1177 3069 1220 cer-

620 1256 792 1320 tiora
838 1257 1126 1322 invenire
1173 1260 1446 1342 possint.

795 1361 934 1428 Nec
990 1369 1211 1429 tamen
1265 1388 1386 1431 nos
1447 1367 1514 1429 in
1572 1367 1763 1432 unius
1819 1366 2027 1432 Taciti
2085 1368 2343 1452 scriptis
2400 1367 2815 1432 versabimur.
2899 1388 3075 1432 com-

621 1469 1025 1552 parationem
1109 1472 1283 1536 enim
1349 1493 1494 1537 cum
1576 1496 1699 1538 usu
1784 1475 2088 1558 loquendi
2162 1474 2558 1539 Sallustiano
2637 1474 2835 1538 talem
2909 1496 3074 1558 esse,

627 1597 791 1661 quae
839 1577 1129 1642 omnium
1175 1578 1362 1644 laude
1410 1584 1477 1644 et
1523 1581 1991 1665 approbatione
2040 1581 2425 1664 dignissima
2472 1581 2581 1659 sit,
2640 1581 2914 1664 probare
2964 1580 3073 1644 vix

623 1704 783 1766 opus
832 1687 958 1766 est,
1005 1686 1155 1767 quia
1203 1688 1461 1749 constat
1505 1686 1804 1750 intimam
1851 1687 2172 1751 rationem
2218 1686 2388 1750 inter
2433 1686 2731 1752 Tacitum
2780 1691 2845 1751 et
2888 1688 3078 1752 ilbum

613 1789 1118 1870 florentissimum
1177 1797 1483 1858 auctorem
1545 1813 1756 1856 rerum
1808 1792 2243 1857 Romanarum
2312 1790 2489 1879 (ann.
2539 1793 2659 1878 111,
2700 1792 2815 1880 30)
2878 1795 3079 1858 inter·

615 1896 858 1961 cedere.
934 1903 1252 1981 quatenus
1300 1921 1376 1963 ea
1423 1901 1790 1964 communio
1849 1900 1930 1964 ad
1985 1900 2178 1964 istam
2228 1900 2525 1983 syntaxis
2583 1904 2833 1983 partem
2878 1901 3081 1984 perti·

614 2006 786 2087 neat,
826 2025 1156 2088 speramus
1196 2005 1333 2072 fore
1371 2010 1445 2070 ut
1475 2005 2009 2071 demonstremus,
2065 2028 2271 2090 neque
2309 2005 2631 2070 Velleium
2659 2007 3075 2072 Paterculum

613 2114 918 2194 putamus
958 2112 1299 2177 infeliciter
1337 2113 1610 2177 electum
1648 2134 1816 2193 esse,
1854 2112 1964 2196 qui
2002 2132 2147 2174 cum
2187 2110 2413 2176 Tacito
2456 2112 2843 2196 conferatur,
2884 2136 3074 2198 prae-

613 2217 835 2282 sertim
910 2240 1055 2283 cum
1131 2219 1476 2283 nemodum
1542 2217 1959 2300 quaesiverit,
2029 2217 2238 2300 qualis
2308 2217 2591 2282 Velleius
2656 2226 3072 2305 comparatus

613 2345 758 2388 cum
806 2323 1030 2390 Tacito
1079 2326 1525 2410 cognoscatur.
1605 2324 1821 2407 plures
1880 2329 2098 2388 autem
2156 2325 2501 2408 scriptores
2559 2327 2657 2390 vel
2718 2327 3070 2392 historicos

612 2430 713 2494 vel
759 2431 1180 2514 philosophos
1228 2465 1313 2476 —
1363 2429 1507 2512 quis
1556 2431 1729 2494 enim
1764 2452 1894 2495 non
1944 2432 2327 2516 cogitaverit
2374 2431 2451 2495 de
2490 2428 2799 2497 Suetonio
2850 2434 2948 2498 vel
2987 2433 3067 2497 de

613 2533 897 2602 Seneca?
952 2574 1024 2583 —
1087 2537 1155 2600 in
1209 2536 1763 2617 comparationem
1822 2559 2051 2600 vocare
2107 2537 2466 2616 noluimus,
2521 2559 2603 2598 ne
2659 2538 3064 2600 cumulandis

613 2645 919 2728 exemplis
985 2642 1264 2727 undique
1330 2640 1626 2704 conflatis
1699 2644 2117 2722 conspectum
2184 2638 2665 2703 consuetudinis
2729 2637 3063 2703 Tacitinae

609 2752 1037 2816 turbaremus.

787 2856 1016 2939 Itaque
1047 2854 1352 2937 quoniam
1384 2854 1784 2919 versabimur
1822 2854 1892 2917 in
1929 2852 2139 2931 tribus
2180 2852 2601 2945 scriptoribus
2640 2852 3066 2937 conferendis,

611 2984 882 3047 quorum
915 2961 1120 3026 libros
1159 2961 1656 3047 diligentissime
1696 2960 2092 3045 perlegimus
2133 2959 2557 3043 omnibusque
2588 2960 2895 3043 exemplis
2932 2960 3064 3024 col-

611 3068 800 3132 lectis
840 3068 1254 3151 excussimus,
1293 3068 1767 3151 aliquantulum
1808 3067 1889 3131 ad
1920 3066 2355 3151 cognitionem
2396 3066 2682 3150 syntaxis
2721 3067 3065 3131 historicae

611 3174 974 3259 augendam
1019 3196 1139 3239 nos
1189 3196 1329 3238 esse
1377 3174 1727 3238 collaturos
1766 3174 2161 3238 confidimus
2235 3172 2405 3257 quod
2454 3194 2580 3257 quo
2628 3173 2865 3237 certius
2918 3193 3063 3255 per-

610 3280 891 3364 ficiatur,
939 3301 1014 3343 ea
1052 3301 1303 3364 quoque
1351 3281 1418 3344 in
1458 3302 1721 3345 censum
1758 3285 1987 3345 vocata
2024 3284 2211 3365 sunt,
2254 3303 2416 3365 quae
2460 3280 2537 3343 de
2576 3280 2861 3344 classicis
2899 3300 3061 3362 quos

611 3388 834 3451 dicunt
879 3387 1302 3470 scriptoribus
1312 3438 1331 3471 ,
1376 3387 1673 3471 inprimis
1721 3387 1798 3451 de
1846 3386 2029 3451 Livio
2076 3388 2196 3451 viri
2244 3388 2415 3453 docti
2460 3387 2884 3471 protulerunt.

785 3492 864 3557 In
910 3497 1096 3557 tanta
1135 3496 1354 3557 autem
1401 3494 1710 3558 materiae
1754 3493 2208 3577 amplitudine,
2256 3514 2383 3575 qua
2421 3493 2523 3556 via
2568 3491 2935 3574 processuri
2982 3491 3063 3554 si-

611 3622 782 3684 muS,
837 3600 968 3663 iam
1010 3600 1117 3664 hic
1164 3600 1604 3683 profiteamur:
1663 3601 1941 3684 primum
1999 3600 2252 3665 dicendi
2306 3620 2495 3662 usum
2522 3618 3062 3681 ,unumquemque

613 3704 1123 3771 examinabimus
1199 3729 1316 3790 pro
1387 3708 1565 3771 varia
1631 3705 1801 3789 apud
1870 3704 2275 3789 Sallustium,
2346 3702 2698 3786 Velleium,
2765 3702 3060 3767 Tacitum

610 3813 892 3898 ratione,
956 3812 1186 3877 deinde
1247 3814 1456 3895 qualis
1523 3813 1634 3895 sit,
1710 3812 1765 3875 si
1839 3811 2186 3874 contuleris
2252 3831 2397 3873 cum
2473 3831 2767 3874 sermone
2842 3812 3061 3875 classi-

611 3942 830 3985 corum
901 3918 1314 4002 scriptorum,
1379 3921 1520 3983 tum
1576 3918 1631 3981 si
1688 3916 2027 3981 Livianum
2082 3915 2386 3999 loquendi
2441 3938 2629 3991 usum
2684 3917 3065 4004 respexeriS,

609 4032 937 4109 postremo
966 4028 1284 4109 quantum
1315 4023 1703 4088 discriminis
1740 4024 1809 4086 in
1848 4021 2193 4087 excolenda
2221 4044 2603 4105 unaquaque
2644 4023 2852 4105 specie
2892 4023 3067 4087 inter

612 4132 868 4217 singula
904 4129 1111 4195 Taciti
1154 4132 1396 4213 scripta
1431 4133 1763 4213 appareat.
1835 4150 2042 4212 neque
2089 4150 2237 4192 vero
2283 4130 2686 4214 propositum
2735 4152 2873 4194 esse
2919 4136 3063 4214 pot-

612 4245 738 4323 est,
798 4242 872 4302 ut
927 4239 1170 4322 omnia,
1224 4259 1389 4322 quae
1448 4237 1523 4300 de
1582 4236 1939 4321 participiis
2002 4236 2071 4298 in
2117 4235 2431 4300 librorum
2491 4237 3065 4321 grammaticorum

610 4346 845 4410 crassis
883 4344 1314 4410 voluminibus
1356 4346 1646 4427 exposita
1686 4346 1857 4425 sunt,
1893 4342 1996 4405 hic
2034 4343 2267 4406 iterum
2305 4346 2806 4427 pertractentur,
2842 4344 3063 4427 imm0‚

610 4474 691 4516 ne
738 4473 876 4515 rem
925 4455 1136 4516 actam
1185 4472 1375 4537 agere
1414 4453 1777 4535 videamur,
1824 4471 1901 4513 ea
1946 4450 2397 4515 tantummodo
2444 4449 2635 4514 huius
2682 4450 2807 4513 loci
2854 4456 3062 4533 erunt,

612 4580 774 4643 quae
821 4562 937 4623 aut
979 4559 1141 4623 false
1181 4564 1292 4623 aut
1331 4560 1594 4623 omnino
1641 4579 1775 4622 non
1812 4559 2094 4620 tractata
2142 4559 2321 4639 sunt,
2368 4557 2489 4640 ita,
2534 4561 2607 4620 ut
2645 4556 2755 4639 qui
2802 4561 3063 4621 exstant

611 4666 764 4730 libri
813 4666 1217 4751 grammatici
1265 4688 1397 4731 non
1446 4664 1905 4750 supervacanei
1951 4662 2138 4745 fiant,
2196 4661 2306 4725 sed
2355 4664 2791 4746 suppleantur.
