3303 5235
571 306 696 369 128
1654 304 1837 375 Caput
1872 305 1939 361 V.

561 468 620 551 Ι,
657 468 744 532 23
789 467 1244 532 contubernales
1277 468 1661 549 amellando,
1734 469 1821 532 ib.
1864 469 2185 534 inserendo
2220 469 2533 549 querellas,
2616 467 2675 549 Ι,
2710 467 2799 530 24
2834 486 3023 547 prae-

561 576 802 657 cipitem
845 575 1186 640 alliciendo,
1276 573 1334 652 Ι,
1379 574 1466 638 43
1519 577 1800 642 vertendo
1852 576 1925 644 in
1976 596 2041 640 se
2082 593 2483 657 percussores,
2574 573 2637 654 Ι,
2686 573 2771 637 66
2835 593 3023 636 arma

557 703 763 764 yenua
826 682 1081 763 vestiyia
1129 682 1508 762 prensando,
1606 679 1665 764 Ι,
1713 681 1796 746 69
1872 681 2129 746 meliora
2192 681 2571 746 constantius
2634 679 3024 761 postulando.

559 787 620 872 I,
667 788 752 852 84
805 788 1070 869 imperia
1111 788 1336 851 ducum
1379 788 1761 852 sciscitando,
1842 787 1902 870 Ι,
1948 788 2033 852 87
2082 788 2505 852 auctoritatem
2548 786 2815 851 Paulini
2859 786 3026 867 viyo-

561 914 691 958 rem
747 891 908 960 Celsi
965 895 1390 958 matum‘tatem
1443 892 1624 960 Galli
1678 945 1693 959 ,
1733 943 1747 959 .
1785 943 1800 958 .
1856 895 2262 959 criminando,
2354 894 2447 977 ΙΙ,
2502 895 2576 957 11
2636 894 2911 976 eliyendo
2954 897 3033 957 ut

553 1001 922 1083 potissimos,
995 998 1089 1082 ΙΙ,
1117 1000 1201 1064 29
1247 999 1394 1066 haec
1433 1001 1713 1080 ferociter
1746 1003 2050 1067 iactando,
2124 1001 2219 1085 ΙΙ,
2245 1002 2333 1068 48
2378 1001 2691 1066 laudando
2726 1001 3027 1082 pietatem

561 1108 693 1172 eius
743 1107 1100 1188 castiyando
1151 1107 1564 1186 formidinem.
1656 1107 1785 1189 ΠΙ,
1832 1109 1871 1173 8
1918 1109 2307 1172 incruentam
2350 1113 2408 1174 et
2448 1109 2584 1172 sine
2628 1108 2795 1172 luctu
2838 1107 3027 1172 victo-

560 1215 728 1278 riam
779 1217 838 1277 et
888 1213 1024 1277 alia
1077 1211 1326 1278 huiusce
1375 1215 1544 1279 modi
1577 1217 2005 1298 praetexenda
2087 1213 2215 1298 ΙΙΙ,
2260 1214 2346 1279 39
2402 1215 2705 1280 Blaesum
2755 1213 3028 1278 visendo,

563 1319 689 1404 ΙΙΙ,
735 1319 822 1384 54
883 1323 1090 1401 captos
1154 1319 1385 1384 Vitellii
1437 1321 1851 1402 exploratores
1903 1323 2341 1388 circumductos
2389 1369 2405 1386 ,
2450 1371 2466 1386 .
2514 1371 2529 1388 ,
2574 1369 2593 1386 ,
2643 1321 3029 1386 remittendo,

561 1425 687 1509 ΙΙΙ,
724 1427 806 1490 61
854 1427 1130 1508 auyendo
1165 1425 1518 1492 rumoribus
1551 1428 1838 1492 virtutem
1872 1428 2192 1510 copiasque
2226 1427 2507 1494 hostium.
2572 1425 2685 1509 IV,
2720 1427 2805 1489 14
2846 1447 3025 1492 senes

561 1536 676 1596 aut
717 1533 1027 1597 invalidos
1071 1533 1496 1614 conquirendo,
1591 1533 1707 1617 IV,
1740 1536 1818 1600 17
1876 1539 2084 1616 captos
2126 1533 2462 1598 cohortium
2495 1533 2837 1614 praefectos
2876 1551 3033 1598 suas

561 1639 634 1702 in
679 1640 951 1704 civitates
995 1639 1368 1704 remittendo,
1457 1639 1572 1724 IV,
1616 1641 1693 1706 19
1740 1643 1939 1708 multa
1982 1641 2349 1706 concedendo
2394 1639 2557 1704 nihil
2598 1639 2782 1704 aliud
2822 1638 3029 1718 effece-

561 1749 682 1810 rat,
778 1744 994 1830 Agric,
1042 1745 1082 1810 6
1137 1765 1200 1809 se
1243 1747 1681 1828 anteponendo.
1786 1748 1873 1812 20
1926 1747 2073 1812 haec
2116 1747 2582 1828 comprimendo,
2672 1743 2891 1810 Germ.
2945 1746 3031 1810 14

561 1853 755 1916 vitam
799 1851 1222 1932 componendo,
1293 1851 1377 1915 27
1426 1853 1692 1916 maiores
1736 1857 1871 1916 tuos
1916 1852 2270 1918 lacessendo.

880 2040 956 2127 b)
1003 2051 1254 2110 Vellei:

740 2167 833 2250 ΙΙ,
885 2168 965 2231 16
1020 2169 1226 2250 ipsum
1270 2171 1508 2236 viritim
1553 2172 1795 2236 civitate
1836 2172 2124 2238 donando
2169 2173 2323 2236 duos
2373 2173 2539 2253 filios
2582 2172 2715 2236 eius
2758 2171 3030 2236 creando

553 2279 886 2357 praetores,
970 2272 1064 2356 ΙΙ,
1113 2275 1196 2339 56
1252 2276 1520 2352 alterum
1561 2277 1979 2359 promittendo
2032 2278 2418 2342 consulatum
2470 2299 2595 2342 non
2650 2278 3035 2360 obliyaoerat

562 2387 776 2446 contra
838 2380 1173 2460 differendo
1232 2381 1518 2447 Cassium
1588 2382 1942 2462 offenderat,
2040 2383 2125 2447 ib.
2186 2381 2505 2469 (Caesari)
2562 2385 2663 2447 cui
2724 2403 3023 2465 maenam

563 2489 870 2553 invidiam
933 2488 1296 2554 conciliarat
1357 2490 1452 2553 M.
1516 2489 1834 2554 Antonius
1886 2541 1897 2554 ,
1939 2539 1953 2554 ,
1993 2540 2007 2554 ,
2070 2490 2435 2572 imponendo
2498 2490 2693 2571 capiti
2749 2538 2763 2552 ,
2804 2539 2819 2554 ,
2861 2539 2876 2554 ,
2926 2489 3021 2553 in-

561 2597 733 2680 siyne
777 2597 1032 2681 reyium.
1122 2593 1216 2679 11,
1265 2595 1351 2661 62
1405 2617 1543 2661 cum
1587 2619 1726 2663 eam
1771 2598 2076 2663 iniuriam
2120 2597 2570 2663 dissimulando
2616 2593 2850 2661 Caesar
2894 2596 3029 2677 ipse

561 2704 767 2783 ferret,
857 2704 950 2787 ΙΙ,
996 2704 1082 2767 66
1135 2702 1300 2767 nihil
1343 2704 1522 2786 eyesti
1575 2704 1904 2767 mercedem
1930 2692 2361 2768 scelestissimi
2404 2704 2533 2767 oris
2586 2707 2645 2767 et
2685 2702 3029 2767 clarissimi

564 2812 787 2893 capitis
831 2810 1054 2873 abscisi
1096 2809 1498 2873 numerando,
1571 2806 1664 2890 ΙΙ,
1713 2808 1799 2874 80
1856 2808 2113 2873 adversa
2158 2809 2259 2890 iis,
2310 2829 2467 2890 quae
2509 2809 2658 2873 aliis
2690 2808 3027 2889 placebant

565 2918 829 2981 dicendo,
927 2913 990 2977 11
1000 2964 1017 2995 ‚
1071 2913 1192 2978 109
1257 2915 1586 2979 emersitum
1639 2935 1819 2996 quem
1876 2963 1891 2979 .
1928 2963 1943 2978 .
1980 2964 1996 2979 .
2035 2964 2049 2978 ,
2109 2915 2339 2994 fecerat
2398 2915 2673 2979 assiduis
2733 2916 3026 2979 adversos

563 3023 864 3105 finitimos
891 3019 1060 3085 bellis
1095 3022 1416 3086 exercendo
1452 3023 1682 3087 maiori
1704 3042 1895 3104 quam
1920 3023 2085 3103 quod
2116 3020 2373 3085 habebat
2396 3023 2565 3102 oper-i
2578 3021 3027 3103 praeparabat.

887 3225 946 3289 ο)
993 3223 1328 3281 Sallustii:

745 3340 885 3405 Cat,
923 3340 994 3421 4,
1037 3341 1069 3402 1
1117 3361 1245 3405 non
1284 3341 1414 3420 fuit
1455 3339 1782 3405 consilium
1822 3388 1837 3403 .
1878 3388 1889 3402 .
1931 3388 1945 3404 .
1990 3358 2213 3421 ayrum
2248 3340 2490 3405 colendo
2536 3388 2553 3405 ,
2592 3390 2605 3404 .
2644 3387 2660 3404 ,
2700 3390 2715 3403 ,
2760 3344 3025 3404 aetatem

565 3467 755 3529 agere,
827 3445 944 3530 26,
980 3446 1021 3509 3
1067 3446 1264 3511 multa
1297 3446 1640 3527 pollicendo
1675 3466 1793 3526 per
1835 3445 2135 3509 Fulviam
2178 3445 2472 3524 effecerat,
2546 3446 2657 3527 38,
2702 3447 2734 3508 1
2786 3466 3029 3527 coepere

539 3534 844 3617 'senatum
905 3554 1294 3617 criminando
1338 3552 1576 3633 plebem
1629 3553 1957 3634 exayitare,
2048 3552 2135 3616 42
2152 3600 2169 3629 ,
2214 3552 2257 3615 2
2318 3552 2671 3631 festinando
2726 3554 3022 3634 ayitando

563 3661 775 3723 omnia
809 3660 960 3739 plus
1007 3660 1244 3723 timoris
1287 3678 1475 3739 quam
1508 3659 1780 3741 periculi
1822 3657 2158 3737 effecerant,
2248 3658 2335 3721 43
2348 3708 2364 3739 ,
2410 3659 2453 3722 3
2498 3658 2641 3723 illos
2684 3658 3025 3723 dubitando

565 3771 622 3830 ct
673 3767 802 3829 dies
843 3765 1221 3846 prolatando
1277 3786 1539 3847 maynas
1591 3766 2075 3848 opportunitates
2120 3785 2522 3846 corrumpere,
2609 3750 2723 3843 54',
2768 3766 2810 3831 3
2867 3764 3029 3829 Cato

563 3873 726 3937 nihil
771 3872 1088 3953 laryiendo
1128 3872 1394 3953 yloriam
1437 3873 1697 3956 adeptus
1741 3876 1842 3937 est.
1916 3870 2035 3954 59,
2076 3872 2117 3937 6
2164 3894 2239 3935 ea
2282 3873 2807 3937 commemorando
2850 3872 3024 3935 mili-

568 3985 699 4043 tum
752 3979 997 4043 animos
1049 3978 1418 4043 accendebat,
1511 3978 1648 4062 Iug.
1697 3977 1765 4061 3,
1810 3977 1851 4041 3
1914 3998 2106 4059 neque
2157 3979 2339 4043 aliud
2388 4000 2453 4043 se
2509 3979 2835 4060 fatiqando
2890 3978 3029 4041 nisi

567 4088 776 4151 odium
829 4104 1118 4167 quaerere
1183 4088 1481 4149 extremae
1534 4086 1870 4149 dementiae
1922 4089 2024 4150 est,
2116 4086 2185 4168 4,
2232 4086 2274 4149 2
2333 4106 2410 4151 ne
2456 4106 2574 4166 per
2626 4084 3024 4149 insolentiam

566 4196 706 4274 quis
749 4194 1072 4256 emistumet
1104 4196 1318 4255 memet
1357 4192 1634 4255 studium
1670 4212 1873 4257 meum
1922 4192 2233 4257 laudando
2280 4192 2497 4256 tollere,
2579 4193 2614 4255 7
2628 4240 2645 4274 ,
2674 4191 2715 4254 2
2762 4209 3026 4272 sperans

566 4300 658 4363 vel
702 4298 1056 4363 ostentando
1113 4298 1395 4359 virtutem
1448 4298 1539 4361 vel
1591 4298 1859 4363 hostium
1916 4298 2174 4361 saevitia
2216 4297 2400 4377 facile
2450 4318 2592 4361 eum
2646 4316 3021 4363 occasurum.

567 4405 680 4487 23,
728 4405 770 4467 2
834 4425 932 4468 eos
977 4393 1191 4469 'multa
1233 4401 1578 4483 pollicendo
1639 4424 1715 4467 ac
1768 4404 2119 4467 miserando
2172 4422 2382 4469 casum
2438 4422 2623 4467 suum
2674 4403 3023 4483 confirmat,

568 4512 651 4586 27
663 4562 680 4594 ,
733 4513 763 4574 1
823 4512 1101 4576 ministri
1153 4511 1313 4593 reyis
1355 4510 1802 4589 interpellando
1846 4529 1920 4573 ac
1963 4528 2139 4590 saepe
2187 4510 2397 4591 qratia
2443 4510 2751 4573 interdum
2796 4510 3024 4590 iuryiis

569 4617 874 4683 trahundo
921 4623 1154 4700 tempus
1197 4618 1576 4681 atrocitatem
1621 4615 1779 4695 facti
1824 4615 2141 4679 leniebant,
2228 4616 2340 4697 32,
2384 4617 2416 4678 1
2473 4615 2619 4682 haec
2662 4620 2844 4695 atque
2886 4614 3021 4681 alia
