3303 5235
614 333 696 396 IO
1690 333 1876 402 Caput
1910 334 1952 386 Ι.

604 496 814 561 urbem
860 477 882 560 .⁴
913 547 928 561 .
967 547 982 561 .
1020 550 1033 562 .
1081 497 1323 579 iynovit.
1387 495 1473 579 H,
1511 497 1596 560 62
1635 497 1898 578 profecti
1940 495 2087 560 urbe
2130 501 2311 578 atque
2347 495 2547 559 Italia
2594 543 2609 559 .
2646 543 2661 558 .
2699 545 2712 558 .
2752 545 2765 558 .
2800 496 3061 576 provin-

605 604 736 669 cias
779 603 1185 684 exercitusque
1221 608 1674 684 occupaverant.
1732 601 1815 687 11,
1842 604 1929 669 82
1966 603 2285 668 Antonius
2330 649 2346 665 .
2385 652 2397 665 .
2436 649 2451 665 .
2496 602 2806 684 inyressus
2832 600 3059 664 Arme-

605 711 782 774 niam
831 760 844 774 .
881 759 916 774 ..
955 758 969 773 .
1049 709 1278 774 habuit.
1350 707 1438 792 ΙΙ,
1483 710 1569 775 86
1609 715 1959 792 persecutus
2003 711 2283 792 reyinam
2329 759 2343 774 .
2385 760 2398 772 .
2437 759 2451 774 .
2490 759 2503 772 .
2548 708 2839 774 ultimam
2883 708 3063 772 bellis

605 817 884 881 civilibus
945 817 1241 898 imposuit
1298 836 1556 880 moram.
1630 814 1725 900 II,
1770 817 1852 881 97
1907 821 2282 899 peraqratus
2344 816 2531 880 vietor
2594 816 2795 879 omnis
2841 820 3065 897 partes

608 922 984 988 Germaniae
1029 973 1044 987 .
1083 973 1096 987 .
1137 972 1150 987 .
1191 973 1204 986 .
1239 922 1592 1005 perdomuit
1633 943 1789 986 eam.
1847 920 1933 1005 II,
1974 923 2100 987 113
2134 927 2493 1004 prosecutus
2527 922 2779 986 remisit.
2839 921 2923 986 ib.
2960 943 3059 986 re-

601 1049 846 1112 yressus
893 1078 907 1093 .
947 1082 960 1096 .
999 1079 1012 1094 .
1053 1080 1068 1095 .
1102 1030 1420 1112 praefecit.
1477 1028 1564 1112 II,
1606 1029 1733 1094 120
1778 1049 1885 1094 nec
1929 1031 2250 1093 temerario
2285 1017 2537 1094 consilio
2572 1049 2680 1092 nec
2713 1030 2884 1110 sequi
2906 1049 3061 1110 pro-

608 1137 879 1200 videntia
922 1137 1024 1201 usi
1075 1137 1484 1218 speculatio-ue
1536 1136 2051 1217 opportunitatem
2102 1136 2270 1215 ferro
2314 1135 2433 1200 sibi
2468 1137 2555 1199 ad
2592 1155 2737 1199 suos
2768 1155 3063 1217 peperere

607 1243 892 1307 reditum.
954 1241 1039 1325 II,
1083 1243 1208 1306 123
1245 1247 1601 1325 prosecutus
1643 1241 1850 1323 filium
1894 1243 2312 1326 diyressusque
2354 1242 2433 1307 ab
2468 1262 2532 1306 eo
2559 1241 2894 1306 Beneventi
2928 1243 3063 1323 ipse

607 1349 842 1414 Notam
875 1349 1077 1432 petiit.
1122 1348 1209 1431 ΙΙ,
1261 1348 1386 1413 125
1431 1369 1580 1414 usus
1627 1400 1640 1414 .
1682 1398 1695 1412 .
1732 1399 1748 1415 .
1794 1349 2034 1414 maluit.

911 1483 972 1547 o)
1019 1481 1350 1538 Sallustii:

783 1579 974 1644 catil.
1021 1581 1092 1664 4,
1139 1581 1180 1644 2
1244 1581 1446 1644 eodem
1509 1601 1816 1663 reyressus
1868 1581 2062 1645 statui
2114 1600 2212 1643 res
2258 1583 2461 1661 qestas
2503 1579 2727 1660 populi
2778 1579 3060 1644 Romani

605 1687 868 1766 carptim
914 1737 929 1751 .
977 1737 991 1752 .
1031 1738 1045 1752 .
1085 1737 1098 1751 .
1143 1687 1532 1769 perscribere.
1614 1684 1754 1770 Iug.
1803 1686 1915 1769 88,
1968 1686 2001 1748 1
2069 1684 2357 1749 Metellus
2418 1673 2685 1748 Romam
2737 1687 3059 1767 profectus

601 1797 816 1855 contra
869 1813 1036 1874 spem
1089 1813 1270 1857 suam
1317 1791 1671 1856 laetissimis
1724 1792 1958 1856 animis
2003 1792 2321 1872 accipitur.
2404 1791 2516 1873 88,
2563 1791 2603 1854 3
2662 1789 2955 1856 Gaetulos
2998 1799 3061 1856 et

601 1896 974 1978 Iuyurtham
1003 1917 1323 1981 aqyressus
1361 1947 1376 1963 .
1413 1948 1428 1964 .
1467 1947 1482 1961 .
1523 1947 1536 1961 .
1567 1898 1837 1978 fuderat.
1896 1898 2002 1981 92,
2028 1899 2073 1961 4
2109 1899 2366 1979 denique
2399 1898 2612 1962 multis
2650 1898 2795 1962 locis
2818 1900 3057 1980 potitus

607 2052 621 2067 .
659 2051 674 2066 .
714 2054 727 2066 .
768 2052 781 2066 .
828 2004 1026 2068 aliam
1069 2024 1200 2068 rem
1245 2005 1612 2086 ayyrcditur.
1686 2004 1829 2087 102,
1872 2005 1902 2067 1
1954 2005 2142 2068 victor
2174 2005 2453 2086 pervexit
2486 2005 2556 2067 in
2592 2005 2882 2086 oppidum
2922 2004 3056 2070 Cir-

602 2116 732 2174 tam
774 2131 893 2192 quo
947 2111 1130 2175 initio
1171 2111 1486 2192 profectus
1530 2111 1893 2175 intenderat.
1962 2109 2155 2176 Catil.
2192 2113 2298 2195 40,
2337 2112 2379 2175 2
2413 2116 2810 2193 percontatus
2846 2133 3057 2194 pauca

712 2267 725 2281 .
766 2267 779 2279 .
825 2217 1131 2298 requirere
1173 2217 1423 2282 studuit.

1223 2411 1312 2465 11.
1377 2411 1466 2464 Do
1503 2409 1834 2479 participio
1872 2410 2137 2480 porrecti
2174 2410 2425 2481 passim

782 2519 984 2585 Tacit.
1033 2543 1178 2585 ann.
1225 2519 1320 2604 II,
1368 2521 1408 2584 3
1461 2520 1674 2602 primo
1720 2541 2040 2603 conyressu
2091 2522 2275 2601 fusus
2318 2527 2571 2603 reparat
2620 2524 2779 2588 vires
2833 2544 3045 2605 reyno-

599 2648 713 2711 que
773 2630 1032 2711 potitur.
1131 2627 1223 2711 II,
1293 2629 1326 2691 1
1339 2629 1369 2691 1
1447 2629 1635 2691 coorti
1698 2632 1756 2691 et
1816 2629 2086 2709 ‘undique
2159 2628 2343 2707 effusi
2424 2630 2684 2695 trudunt
2751 2631 3042 2695 adversos

609 2733 694 2819 ΙΙ,
732 2735 818 2799 60
863 2736 1070 2799 iussus
1106 2755 1147 2797 a
1190 2733 1532 2799 senioribus
1566 2734 1946 2798 sacerdotum
1969 2734 2256 2816 patrium
2290 2755 2625 2812 sermonem
2660 2736 3049 2819 interpretari

603 2841 913 2935 refjerebat.
977 2840 1028 2925 Ι,
1057 2841 1139 2906 57
1189 2841 1486 2905 adductus
1533 2842 1600 2905 in
1637 2860 1803 2923 spem
1839 2840 2187 2905 clementiae
2212 2840 2535 2906 Romanae
2558 2844 2831 2925 pertulit
2842 2844 3052 2925 patris

603 2950 922 3013 mandata.
985 2946 1102 3032 III,
1149 2948 1226 3013 15
1271 2948 1503 3013 relatus
1538 2949 1787 3011 domum
1824 2996 1839 3011 .
1878 2998 1891 3011 .
1932 2997 1945 3010 .
1987 2996 2000 3010 .
2034 2968 2245 3029 pauca
2280 2949 2615 3013 conscribit.
2679 2948 2795 3033 IV,
2834 2948 2919 3014 56
2956 2970 3051 3013 ro-

594 3057 731 3138 yati
784 3057 1146 3121 sententiam
1188 3059 1404 3137 patres
1450 3104 1464 3119 .
1508 3104 1521 3117 .
1562 3104 1575 3117 .
1616 3104 1628 3117 .
1663 3054 2027 3135 praetulere.
2111 3054 2299 3138 XIII,
2344 3055 2432 3119 40
2486 3056 2729 3120 decurio
2782 3058 3051 3138 equitum

605 3163 933 3227 audentius
964 3182 1325 3246 proyressus
1369 3166 1426 3226 et
1468 3162 1713 3243 sa9ittis
1758 3161 2035 3243 confixus
2082 3211 2095 3224 .
2134 3212 2148 3226 .
2187 3210 2202 3226 .
2241 3211 2255 3226 .
2300 3162 2675 3243 firmaverat.
2739 3162 2891 3226 hist.
2939 3162 3054 3247 IV,

601 3268 688 3333 34
739 3269 1040 3335 Ostentati
1093 3269 1279 3334 etiam
1331 3270 1559 3351 captivi
1603 3288 1680 3331 ea:
1733 3267 1953 3348 quibus
2004 3288 2169 3331 unus
2212 3268 2515 3350 eyreyium
2566 3268 2817 3349 facinus
2860 3272 3053 3335 ausus

601 3376 777 3440 clara
811 3398 946 3442 voce
974 3382 1145 3459 ¹qesta
1169 3360 1463 3458 patefecit
1494 3374 1811 3455 confossus
1855 3374 1997 3438 ilico
2032 3396 2073 3437 a
2104 3372 2453 3439 Germanis.
2500 3373 2717 3459 Agric.
2748 3376 2831 3440 29
2873 3377 3051 3441 initio

600 3484 820 3547 aetatis
846 3482 1144 3565 Ayricola
1179 3482 1498 3547 domestico
1524 3480 1772 3544 vulnere
1797 3481 1953 3544 ictus
1980 3500 2147 3545 anno
2174 3486 2317 3545 ante
2347 3486 2567 3545 natum
2592 3482 2795 3563 filium
2822 3484 3051 3547 amisit.

602 3588 769 3653 Vell.
827 3589 857 3653 I
868 3640 885 3674 ,
941 3591 984 3653 4
1049 3590 1256 3654 Aeolii
1319 3589 1526 3652 eadem
1574 3587 1838 3669 profecti
1894 3585 2161 3651 Graecia
2226 3588 2597 3671 lonyissimis
2651 3590 2775 3653 acti
2830 3589 3051 3653 errori-

605 3696 715 3761 bus
777 3716 904 3761 non
957 3697 1167 3761 minus
1221 3695 1488 3759 illustres
1543 3694 1936 3759 obtinuerunt
1988 3694 2159 3758 locos.
2243 3694 2334 3778 ΙΙ,
2382 3694 2466 3759 83
2522 3696 2919 3777 refriyeratus
2971 3696 3051 3758 ab

607 3802 883 3867 Antonio
937 3802 1010 3867 ob
1075 3802 1553 3882 manifestarum
1616 3801 1991 3882 rapinarum
2056 3801 2289 3865 iudicia
2355 3800 2692 3884 transfuyit
2753 3804 2841 3866 ad
2899 3801 3047 3867 Cae-

599 3929 816 3973 sarem.
898 3908 962 3971 H
971 3960 989 3992 ,
1041 3910 1161 3973 101
1215 3906 1372 3972 Cum
1417 3906 1482 3973 0.
1531 3906 1763 3973 Caesar
1814 3912 1957 3971 ante
2008 3908 2157 3973 aliis
2198 3909 2542 3989 provinciis
2594 3911 2682 3973 ad
2734 3911 3051 3974 visendum

601 4016 778 4079 obitis
823 4015 894 4078 in
929 4015 1190 4097 Lyciam
1235 4015 1463 4079 missus
1509 4065 1522 4078 .
1562 4064 1576 4079 .
1616 4066 1628 4078 .
1678 4019 1806 4078 tam
1850 4014 2024 4078 varie
2066 4036 2129 4079 se
2173 4014 2262 4079 ibi
2298 4014 2501 4098 gessit.
2567 4013 2722 4079 Sall.
2767 4015 2906 4100 Iug.
2952 4017 3051 4099 14,

601 4121 687 4184 23
735 4141 838 4202 eqo
883 4119 1108 4201 infelix
1162 4120 1231 4184 in
1287 4125 1464 4185 tanta
1517 4122 1689 4185 mala
1731 4122 2179 4203 praecipitatus
2232 4142 2307 4186 ex
2349 4124 2563 4204 patrio
2615 4142 2799 4204 reyno
2844 4143 3051 4187 rerum

599 4226 1020 4292 humanarum
1063 4229 1470 4311 spectaculum
1502 4228 1780 4311 praebeo.

991 4440 1111 4494 111.
1183 4441 1272 4495 De
1311 4439 1577 4495 ablativo
1614 4438 1897 4495 absoluto
1944 4438 2258 4509 participii
2295 4439 2455 4507 porr.
2494 4452 2656 4508 pase.

782 4547 888 4612 Ad
953 4549 1252 4634 eundem,
1319 4550 1428 4633 qui
1493 4548 1988 4633 participiorum
2051 4547 2210 4631 perf.
2278 4547 2502 4632 depon.
2568 4548 2867 4633 proprius
2934 4554 3049 4633 est,

599 4676 790 4719 usum
838 4656 1036 4721 etiam
1084 4656 1408 4721 ablativus
1448 4655 1653 4721 absol.
1692 4655 1917 4740 partic.
1955 4654 2115 4738 perf.
2152 4676 2323 4738 passu.
2362 4654 2886 4720 accommodatur
2937 4655 3049 4741 ita,
