<?xml version="1.0" encoding="UTF-8"?>
<!DOCTYPE html PUBLIC "-//W3C//DTD XHTML 1.0 Transitional//EN"
    "http://www.w3.org/TR/xhtml1/DTD/xhtml1-transitional.dtd">
<html xmlns="http://www.w3.org/1999/xhtml" xml:lang="en" lang="en">
 <head>
  <title>
</title>
<meta http-equiv="Content-Type" content="text/html;charset=utf-8" />
  <meta name='ocr-system' content='tesseract 3.04.00' />
  <meta name='ocr-capabilities' content='ocr_page ocr_carea ocr_par ocr_line ocrx_word'/>
</head>
<body>
  <div class='ocr_page' id='page_1' title='image "./quaestionessynt01helmgoog_0077.png"; bbox 0 0 3303 5235; ppageno 0'>
   <div class='ocr_carea' id='block_1_1' title="bbox 915 371 2717 442">
    <p class='ocr_par' dir='ltr' id='par_1_1' title="bbox 915 371 2717 442">
     <span class='ocr_line' id='line_1_1' title="bbox 915 371 2717 442; baseline 0.006 -18"><span class='ocrx_word' id='word_1_1' title='bbox 915 372 999 426; x_wconf 86' lang='lat' dir='ltr'><strong>De</strong></span> <span class='ocrx_word' id='word_1_2' title='bbox 1036 371 1460 442; x_wconf 83' lang='lat' dir='ltr'><strong>participiorum</strong></span> <span class='ocrx_word' id='word_1_3' title='bbox 1498 391 1601 426; x_wconf 88' lang='lat' dir='ltr'><strong>usu</strong></span> <span class='ocrx_word' id='word_1_4' title='bbox 1638 372 2042 442; x_wconf 84' lang='lat' dir='ltr'><strong>praedicativo.</strong></span> <span class='ocrx_word' id='word_1_5' title='bbox 2290 373 2304 380; x_wconf 89' lang='grc'><em>“</em></span> <span class='ocrx_word' id='word_1_6' title='bbox 2632 371 2717 435; x_wconf 83' lang='grc'><strong>89</strong></span> 
     </span>
    </p>
   </div>
   <div class='ocr_carea' id='block_1_2' title="bbox 254 535 2724 1368">
    <p class='ocr_par' dir='ltr' id='par_1_2' title="bbox 254 535 2724 1368">
     <span class='ocr_line' id='line_1_2' title="bbox 257 535 2723 620; baseline 0 -22"><span class='ocrx_word' id='word_1_7' title='bbox 257 536 472 600; x_wconf 90' lang='lat' dir='ltr'><strong>riores</strong></span> <span class='ocrx_word' id='word_1_8' title='bbox 513 535 912 599; x_wconf 87' lang='lat' dir='ltr'><strong>admiserunt</strong></span> <span class='ocrx_word' id='word_1_9' title='bbox 948 535 1320 620; x_wconf 88' lang='lat' dir='ltr'><strong>scriptores,</strong></span> <span class='ocrx_word' id='word_1_10' title='bbox 1369 538 1660 600; x_wconf 87' lang='lat' dir='ltr'><strong>versatus</strong></span> <span class='ocrx_word' id='word_1_11' title='bbox 1701 536 1802 600; x_wconf 86' lang='lat' dir='ltr'><strong>sit.</strong></span> <span class='ocrx_word' id='word_1_12' title='bbox 1875 557 2018 600; x_wconf 90' lang='lat' dir='ltr'><strong>cum</strong></span> <span class='ocrx_word' id='word_1_13' title='bbox 2058 538 2273 600; x_wconf 79' lang='lat' dir='ltr'><strong>autem</strong></span> <span class='ocrx_word' id='word_1_14' title='bbox 2315 538 2463 600; x_wconf 85' lang='lat' dir='ltr'><strong>ante</strong></span> <span class='ocrx_word' id='word_1_15' title='bbox 2503 535 2723 600; x_wconf 86' lang='lat' dir='ltr'><strong>omnia</strong></span> 
     </span>
     <span class='ocr_line' id='line_1_3' title="bbox 257 641 2721 728; baseline 0 -22"><span class='ocrx_word' id='word_1_16' title='bbox 257 665 475 728; x_wconf 85' lang='lat' dir='ltr'><strong>genus</strong></span> <span class='ocrx_word' id='word_1_17' title='bbox 524 641 791 706; x_wconf 85' lang='lat' dir='ltr'><strong>ablativi</strong></span> <span class='ocrx_word' id='word_1_18' title='bbox 839 641 1268 706; x_wconf 84' lang='lat' dir='ltr'><strong>definiendum</strong></span> <span class='ocrx_word' id='word_1_19' title='bbox 1315 642 1428 725; x_wconf 90' lang='lat' dir='ltr'><strong>sit,</strong></span> <span class='ocrx_word' id='word_1_20' title='bbox 1475 642 1555 705; x_wconf 90' lang='lat' dir='ltr'><strong>ad</strong></span> <span class='ocrx_word' id='word_1_21' title='bbox 1597 664 1787 726; x_wconf 88' lang='lat' dir='ltr'><strong>quem</strong></span> <span class='ocrx_word' id='word_1_22' title='bbox 1834 641 2248 726; x_wconf 75' lang='lat' dir='ltr'><strong>participium</strong></span> <span class='ocrx_word' id='word_1_23' title='bbox 2286 642 2721 726; x_wconf 86' lang='lat' dir='ltr'><strong>praedicativo</strong></span> 
     </span>
     <span class='ocr_line' id='line_1_4' title="bbox 259 748 2722 832; baseline 0 -18"><span class='ocrx_word' id='word_1_24' title='bbox 259 771 466 814; x_wconf 86' lang='lat' dir='ltr'><strong>sensu</strong></span> <span class='ocrx_word' id='word_1_25' title='bbox 496 749 759 832; x_wconf 86' lang='lat' dir='ltr'><strong>accedit,</strong></span> <span class='ocrx_word' id='word_1_26' title='bbox 799 771 836 812; x_wconf 90' lang='lat' dir='ltr'><strong>a</strong></span> <span class='ocrx_word' id='word_1_27' title='bbox 875 748 1114 812; x_wconf 91' lang='lat' dir='ltr'><strong>modali</strong></span> <span class='ocrx_word' id='word_1_28' title='bbox 1151 749 1342 813; x_wconf 91' lang='lat' dir='ltr'><strong>huius</strong></span> <span class='ocrx_word' id='word_1_29' title='bbox 1373 770 1559 813; x_wconf 87' lang='lat' dir='ltr'><strong>casus</strong></span> <span class='ocrx_word' id='word_1_30' title='bbox 1589 749 1857 813; x_wconf 89' lang='lat' dir='ltr'><strong>notione</strong></span> <span class='ocrx_word' id='word_1_31' title='bbox 1887 749 2417 832; x_wconf 87' lang='lat' dir='ltr'><strong>proficiscendum</strong></span> <span class='ocrx_word' id='word_1_32' title='bbox 2454 748 2722 814; x_wconf 85' lang='lat' dir='ltr'><strong>videtur.</strong></span> 
     </span>
     <span class='ocr_line' id='line_1_5' title="bbox 255 854 2716 940; baseline 0.001 -22"><span class='ocrx_word' id='word_1_33' title='bbox 255 879 342 920; x_wconf 83' lang='lat' dir='ltr'><strong>ex</strong></span> <span class='ocrx_word' id='word_1_34' title='bbox 393 877 472 919; x_wconf 88' lang='lat' dir='ltr'><strong>ea</strong></span> <span class='ocrx_word' id='word_1_35' title='bbox 509 855 684 918; x_wconf 88' lang='lat' dir='ltr'><strong>enim</strong></span> <span class='ocrx_word' id='word_1_36' title='bbox 729 877 851 939; x_wconf 88' lang='lat' dir='ltr'><strong>pro</strong></span> <span class='ocrx_word' id='word_1_37' title='bbox 885 876 1054 919; x_wconf 86' lang='lat' dir='ltr'><strong>nexu</strong></span> <span class='ocrx_word' id='word_1_38' title='bbox 1093 857 1559 920; x_wconf 89' lang='lat' dir='ltr'><strong>sententiarum</strong></span> <span class='ocrx_word' id='word_1_39' title='bbox 1599 857 1847 920; x_wconf 86' lang='lat' dir='ltr'><strong>ceterae</strong></span> <span class='ocrx_word' id='word_1_40' title='bbox 1895 854 2405 940; x_wconf 89' lang='lat' dir='ltr'><strong>significationes</strong></span> <span class='ocrx_word' id='word_1_41' title='bbox 2442 876 2716 920; x_wconf 87' lang='lat' dir='ltr'><strong>nascun-</strong></span> 
     </span>
     <span class='ocr_line' id='line_1_6' title="bbox 255 961 2719 1046; baseline 0 -20"><span class='ocrx_word' id='word_1_42' title='bbox 255 967 374 1026; x_wconf 88' lang='lat' dir='ltr'><strong>tur</strong></span> <span class='ocrx_word' id='word_1_43' title='bbox 424 983 666 1028; x_wconf 88' lang='lat' dir='ltr'><strong>omnes.</strong></span> <span class='ocrx_word' id='word_1_44' title='bbox 738 961 954 1046; x_wconf 83' lang='lat' dir='ltr'><strong>itaque</strong></span> <span class='ocrx_word' id='word_1_45' title='bbox 1000 961 1172 1026; x_wconf 91' lang='lat' dir='ltr'><strong>hunc</strong></span> <span class='ocrx_word' id='word_1_46' title='bbox 1220 962 1512 1026; x_wconf 87' lang='lat' dir='ltr'><strong>ordinem</strong></span> <span class='ocrx_word' id='word_1_47' title='bbox 1561 983 1921 1046; x_wconf 72' lang='lat' dir='ltr'><strong>sequemur,</strong></span> <span class='ocrx_word' id='word_1_48' title='bbox 1980 965 2053 1025; x_wconf 89' lang='lat' dir='ltr'><strong>ut</strong></span> <span class='ocrx_word' id='word_1_49' title='bbox 2099 962 2307 1045; x_wconf 91' lang='lat' dir='ltr'><strong>primo</strong></span> <span class='ocrx_word' id='word_1_50' title='bbox 2354 961 2494 1026; x_wconf 92' lang='lat' dir='ltr'><strong>loco</strong></span> <span class='ocrx_word' id='word_1_51' title='bbox 2545 962 2719 1026; x_wconf 88' lang='lat' dir='ltr'><strong>abla-</strong></span> 
     </span>
     <span class='ocr_line' id='line_1_7' title="bbox 254 1067 2724 1154; baseline 0 -22"><span class='ocrx_word' id='word_1_52' title='bbox 254 1069 442 1133; x_wconf 88' lang='lat' dir='ltr'><strong>tivos</strong></span> <span class='ocrx_word' id='word_1_53' title='bbox 501 1069 834 1154; x_wconf 78' lang='lat' dir='ltr'><strong>absolutos</strong></span> <span class='ocrx_word' id='word_1_54' title='bbox 895 1091 1088 1133; x_wconf 88' lang='lat' dir='ltr'><strong>sensu</strong></span> <span class='ocrx_word' id='word_1_55' title='bbox 1134 1067 1400 1151; x_wconf 88' lang='lat' dir='ltr'><strong>modali,</strong></span> <span class='ocrx_word' id='word_1_56' title='bbox 1457 1068 1737 1133; x_wconf 89' lang='lat' dir='ltr'><strong>secundo</strong></span> <span class='ocrx_word' id='word_1_57' title='bbox 1794 1068 2164 1152; x_wconf 88' lang='lat' dir='ltr'><strong>temporali,</strong></span> <span class='ocrx_word' id='word_1_58' title='bbox 2217 1068 2413 1133; x_wconf 88' lang='lat' dir='ltr'><strong>tertio</strong></span> <span class='ocrx_word' id='word_1_59' title='bbox 2460 1070 2724 1153; x_wconf 88' lang='lat' dir='ltr'><strong>causali,</strong></span> 
     </span>
     <span class='ocr_line' id='line_1_8' title="bbox 261 1174 2720 1260; baseline 0.001 -22"><span class='ocrx_word' id='word_1_60' title='bbox 261 1178 505 1260; x_wconf 86' lang='lat' dir='ltr'><strong>quarto</strong></span> <span class='ocrx_word' id='word_1_61' title='bbox 561 1175 928 1240; x_wconf 89' lang='lat' dir='ltr'><strong>concessivo</strong></span> <span class='ocrx_word' id='word_1_62' title='bbox 991 1177 1056 1238; x_wconf 90' lang='lat' dir='ltr'><strong>et</strong></span> <span class='ocrx_word' id='word_1_63' title='bbox 1102 1175 1192 1239; x_wconf 91' lang='lat' dir='ltr'><strong>sic</strong></span> <span class='ocrx_word' id='word_1_64' title='bbox 1239 1196 1432 1259; x_wconf 91' lang='lat' dir='ltr'><strong>porro</strong></span> <span class='ocrx_word' id='word_1_65' title='bbox 1481 1178 1729 1240; x_wconf 89' lang='lat' dir='ltr'><strong>ceteros</strong></span> <span class='ocrx_word' id='word_1_66' title='bbox 1776 1197 2144 1239; x_wconf 84' lang='lat' dir='ltr'>enarremus</span> <span class='ocrx_word' id='word_1_67' title='bbox 2201 1178 2267 1239; x_wconf 89' lang='lat' dir='ltr'><strong>et</strong></span> <span class='ocrx_word' id='word_1_68' title='bbox 2320 1174 2388 1238; x_wconf 89' lang='lat' dir='ltr'><strong>in</strong></span> <span class='ocrx_word' id='word_1_69' title='bbox 2446 1175 2720 1260; x_wconf 73' lang='lat' dir='ltr'><strong>singuiis</strong></span> 
     </span>
     <span class='ocr_line' id='line_1_9' title="bbox 261 1281 2440 1368; baseline 0.001 -23"><span class='ocrx_word' id='word_1_70' title='bbox 261 1281 620 1367; x_wconf 87' lang='lat' dir='ltr'><strong>generibus</strong></span> <span class='ocrx_word' id='word_1_71' title='bbox 667 1303 786 1365; x_wconf 91' lang='lat' dir='ltr'><strong>pro</strong></span> <span class='ocrx_word' id='word_1_72' title='bbox 832 1285 1070 1345; x_wconf 87' lang='lat' dir='ltr'><strong>natura</strong></span> <span class='ocrx_word' id='word_1_73' title='bbox 1114 1282 1598 1366; x_wconf 77' lang='lat' dir='ltr'><strong>participiorum</strong></span> <span class='ocrx_word' id='word_1_74' title='bbox 1649 1283 1943 1366; x_wconf 88' lang='lat' dir='ltr'><strong>exempla</strong></span> <span class='ocrx_word' id='word_1_75' title='bbox 1987 1303 2440 1368; x_wconf 65' lang='lat' dir='ltr'><strong>proponamus</strong></span> 
     </span>
    </p>
   </div>
   <div class='ocr_carea' id='block_1_3' title="bbox 419 1457 2547 1542">
    <p class='ocr_par' dir='ltr' id='par_1_3' title="bbox 419 1457 2547 1542">
     <span class='ocr_line' id='line_1_10' title="bbox 419 1457 2547 1542; baseline 0 -19"><span class='ocrx_word' id='word_1_76' title='bbox 419 1461 496 1524; x_wconf 87' lang='lat' dir='ltr'><strong>A.</strong></span> <span class='ocrx_word' id='word_1_77' title='bbox 560 1459 650 1522; x_wconf 85' lang='lat' dir='ltr'><strong>De</strong></span> <span class='ocrx_word' id='word_1_78' title='bbox 696 1457 986 1524; x_wconf 83' lang='lat' dir='ltr'><strong>ablativo</strong></span> <span class='ocrx_word' id='word_1_79' title='bbox 1032 1457 1328 1526; x_wconf 85' lang='lat' dir='ltr'><strong>absoluto</strong></span> <span class='ocrx_word' id='word_1_80' title='bbox 1375 1459 1486 1542; x_wconf 81' lang='lat' dir='ltr'><strong>qui</strong></span> <span class='ocrx_word' id='word_1_81' title='bbox 1531 1459 1665 1524; x_wconf 88' lang='lat' dir='ltr'><strong>vim</strong></span> <span class='ocrx_word' id='word_1_82' title='bbox 1690 1458 2017 1536; x_wconf 66' lang='lat' dir='ltr'><strong>‚medalem</strong></span> <span class='ocrx_word' id='word_1_83' title='bbox 2062 1459 2193 1524; x_wconf 85' lang='lat' dir='ltr'><strong>sibi</strong></span> <span class='ocrx_word' id='word_1_84' title='bbox 2239 1458 2547 1526; x_wconf 85' lang='lat' dir='ltr'><strong>vindicat.</strong></span> 
     </span>
    </p>
   </div>
   <div class='ocr_carea' id='block_1_4' title="bbox 209 1601 2793 3610">
    <p class='ocr_par' dir='ltr' id='par_1_4' title="bbox 209 1601 2793 3610">
     <span class='ocr_line' id='line_1_11' title="bbox 446 1601 2719 1687; baseline -0 -20"><span class='ocrx_word' id='word_1_85' title='bbox 446 1601 600 1667; x_wconf 88' lang='lat' dir='ltr'><strong>Non</strong></span> <span class='ocrx_word' id='word_1_86' title='bbox 646 1601 937 1666; x_wconf 84' lang='lat' dir='ltr'><strong>sufficere</strong></span> <span class='ocrx_word' id='word_1_87' title='bbox 982 1602 1062 1666; x_wconf 89' lang='lat' dir='ltr'><strong>ad</strong></span> <span class='ocrx_word' id='word_1_88' title='bbox 1110 1625 1298 1667; x_wconf 89' lang='lat' dir='ltr'><strong>usum</strong></span> <span class='ocrx_word' id='word_1_89' title='bbox 1345 1602 1615 1667; x_wconf 89' lang='lat' dir='ltr'><strong>ablativi</strong></span> <span class='ocrx_word' id='word_1_90' title='bbox 1664 1603 1947 1667; x_wconf 88' lang='lat' dir='ltr'><strong>absoluti</strong></span> <span class='ocrx_word' id='word_1_91' title='bbox 1993 1608 2167 1667; x_wconf 86' lang='lat' dir='ltr'><strong>recte</strong></span> <span class='ocrx_word' id='word_1_92' title='bbox 2211 1601 2719 1687; x_wconf 89' lang='lat' dir='ltr'><strong>intellegendum</strong></span> 
     </span>
     <span class='ocr_line' id='line_1_12' title="bbox 256 1709 2793 1794; baseline -0 -20"><span class='ocrx_word' id='word_1_93' title='bbox 256 1711 473 1775; x_wconf 88' lang='lat' dir='ltr'><strong>libros</strong></span> <span class='ocrx_word' id='word_1_94' title='bbox 521 1709 1118 1794; x_wconf 89' lang='lat' dir='ltr'><strong>grammaticorum,</strong></span> <span class='ocrx_word' id='word_1_95' title='bbox 1163 1709 1276 1773; x_wconf 90' lang='lat' dir='ltr'><strong>ubi</strong></span> <span class='ocrx_word' id='word_1_96' title='bbox 1318 1710 1655 1774; x_wconf 87' lang='lat' dir='ltr'><strong>universus</strong></span> <span class='ocrx_word' id='word_1_97' title='bbox 1705 1709 2155 1774; x_wconf 89' lang='lat' dir='ltr'><strong>tantummodo</strong></span> <span class='ocrx_word' id='word_1_98' title='bbox 2203 1731 2357 1773; x_wconf 90' lang='lat' dir='ltr'><strong>usus</strong></span> <span class='ocrx_word' id='word_1_99' title='bbox 2405 1711 2723 1774; x_wconf 88' lang='lat' dir='ltr'><strong>tractatur</strong></span> <span class='ocrx_word' id='word_1_100' title='bbox 2780 1719 2793 1729; x_wconf 87' lang='grc'><strong>“</strong></span> 
     </span>
     <span class='ocr_line' id='line_1_13' title="bbox 255 1814 2721 1902; baseline -0.001 -20"><span class='ocrx_word' id='word_1_101' title='bbox 255 1816 584 1902; x_wconf 72' lang='lat' dir='ltr'><strong>neglectis</strong></span> <span class='ocrx_word' id='word_1_102' title='bbox 632 1814 909 1900; x_wconf 86' lang='lat' dir='ltr'><strong>singulis</strong></span> <span class='ocrx_word' id='word_1_103' title='bbox 953 1816 1298 1900; x_wconf 85' lang='lat' dir='ltr'><strong>generibus</strong></span> <span class='ocrx_word' id='word_1_104' title='bbox 1347 1816 1603 1901; x_wconf 89' lang='lat' dir='ltr'><strong>saepius</strong></span> <span class='ocrx_word' id='word_1_105' title='bbox 1650 1816 1940 1901; x_wconf 75' lang='lat' dir='ltr'><strong>intellegi</strong></span> <span class='ocrx_word' id='word_1_106' title='bbox 1987 1817 2241 1900; x_wconf 90' lang='lat' dir='ltr'><strong>poterit.</strong></span> <span class='ocrx_word' id='word_1_107' title='bbox 2316 1838 2520 1900; x_wconf 87' lang='lat' dir='ltr'><strong>neque</strong></span> <span class='ocrx_word' id='word_1_108' title='bbox 2558 1838 2721 1900; x_wconf 89' lang='lat' dir='ltr'><strong>quae</strong></span> 
     </span>
     <span class='ocr_line' id='line_1_14' title="bbox 255 1922 2723 2008; baseline 0 -20"><span class='ocrx_word' id='word_1_109' title='bbox 255 1925 398 1988; x_wconf 83' lang='lat' dir='ltr'><strong>iam</strong></span> <span class='ocrx_word' id='word_1_110' title='bbox 442 1922 898 1986; x_wconf 87' lang='lat' dir='ltr'><strong>tractabuntur</strong></span> <span class='ocrx_word' id='word_1_111' title='bbox 943 1923 1238 2006; x_wconf 87' lang='lat' dir='ltr'><strong>exempla</strong></span> <span class='ocrx_word' id='word_1_112' title='bbox 1284 1944 1361 1986; x_wconf 84' lang='lat' dir='ltr'><strong>ex</strong></span> <span class='ocrx_word' id='word_1_113' title='bbox 1407 1923 1975 2008; x_wconf 89' lang='lat' dir='ltr'><strong>grammaticorum</strong></span> <span class='ocrx_word' id='word_1_114' title='bbox 2022 1923 2363 1988; x_wconf 88' lang='lat' dir='ltr'><strong>sententiis</strong></span> <span class='ocrx_word' id='word_1_115' title='bbox 2409 1923 2723 1989; x_wconf 87' lang='lat' dir='ltr'><strong>idiomata</strong></span> 
     </span>
     <span class='ocr_line' id='line_1_15' title="bbox 261 2028 2719 2116; baseline -0 -21"><span class='ocrx_word' id='word_1_116' title='bbox 261 2053 386 2095; x_wconf 86' lang='lat' dir='ltr'><strong>suo</strong></span> <span class='ocrx_word' id='word_1_117' title='bbox 421 2030 562 2094; x_wconf 88' lang='lat' dir='ltr'><strong>iure</strong></span> <span class='ocrx_word' id='word_1_118' title='bbox 599 2029 848 2093; x_wconf 89' lang='lat' dir='ltr'><strong>utentia</strong></span> <span class='ocrx_word' id='word_1_119' title='bbox 883 2049 1024 2092; x_wconf 87' lang='lat' dir='ltr'><strong>esse</strong></span> <span class='ocrx_word' id='word_1_120' title='bbox 1062 2028 1378 2094; x_wconf 89' lang='lat' dir='ltr'><strong>videntur.</strong></span> <span class='ocrx_word' id='word_1_121' title='bbox 1451 2033 1740 2094; x_wconf 85' lang='lat' dir='ltr'><strong>attamen</strong></span> <span class='ocrx_word' id='word_1_122' title='bbox 1777 2052 1877 2095; x_wconf 89' lang='lat' dir='ltr'><strong>res</strong></span> <span class='ocrx_word' id='word_1_123' title='bbox 1915 2031 2009 2095; x_wconf 91' lang='lat' dir='ltr'><strong>ita</strong></span> <span class='ocrx_word' id='word_1_124' title='bbox 2045 2053 2113 2096; x_wconf 89' lang='lat' dir='ltr'><strong>se</strong></span> <span class='ocrx_word' id='word_1_125' title='bbox 2159 2031 2359 2096; x_wconf 88' lang='lat' dir='ltr'><strong>habet</strong></span> <span class='ocrx_word' id='word_1_126' title='bbox 2396 2035 2461 2097; x_wconf 89' lang='lat' dir='ltr'><strong>et</strong></span> <span class='ocrx_word' id='word_1_127' title='bbox 2503 2031 2719 2116; x_wconf 87' lang='lat' dir='ltr'><strong>primi-</strong></span> 
     </span>
     <span class='ocr_line' id='line_1_16' title="bbox 261 2134 2721 2224; baseline 0.001 -24"><span class='ocrx_word' id='word_1_128' title='bbox 261 2138 474 2202; x_wconf 88' lang='lat' dir='ltr'><strong>tivum</strong></span> <span class='ocrx_word' id='word_1_129' title='bbox 511 2139 586 2200; x_wconf 91' lang='lat' dir='ltr'><strong>ut</strong></span> <span class='ocrx_word' id='word_1_130' title='bbox 629 2137 760 2200; x_wconf 88' lang='lat' dir='ltr'><strong>iam</strong></span> <span class='ocrx_word' id='word_1_131' title='bbox 807 2134 1082 2224; x_wconf 75' lang='lat' dir='ltr'><strong>diximus</strong></span> <span class='ocrx_word' id='word_1_132' title='bbox 1119 2137 1457 2221; x_wconf 86' lang='lat' dir='ltr'><strong>apparebit</strong></span> <span class='ocrx_word' id='word_1_133' title='bbox 1491 2136 1557 2202; x_wconf 91' lang='lat' dir='ltr'><strong>id</strong></span> <span class='ocrx_word' id='word_1_134' title='bbox 1593 2158 1819 2222; x_wconf 78' lang='lat' dir='ltr'><strong>genus,</strong></span> <span class='ocrx_word' id='word_1_135' title='bbox 1894 2138 2085 2203; x_wconf 89' lang='lat' dir='ltr'><strong>cardo</strong></span> <span class='ocrx_word' id='word_1_136' title='bbox 2126 2139 2295 2203; x_wconf 91' lang='lat' dir='ltr'><strong>enim</strong></span> <span class='ocrx_word' id='word_1_137' title='bbox 2336 2139 2605 2203; x_wconf 87' lang='lat' dir='ltr'><strong>vertitur</strong></span> <span class='ocrx_word' id='word_1_138' title='bbox 2652 2138 2721 2202; x_wconf 90' lang='lat' dir='ltr'><strong>in</strong></span> 
     </span>
     <span class='ocr_line' id='line_1_17' title="bbox 209 2241 2720 2329; baseline 0 -21"><span class='ocrx_word' id='word_1_139' title='bbox 209 2313 220 2322; x_wconf 58' lang='lat'>‚</span> <span class='ocrx_word' id='word_1_140' title='bbox 265 2267 371 2327; x_wconf 91' lang='lat' dir='ltr'><strong>eo,</strong></span> <span class='ocrx_word' id='word_1_141' title='bbox 437 2244 609 2329; x_wconf 92' lang='lat' dir='ltr'><strong>quod</strong></span> <span class='ocrx_word' id='word_1_142' title='bbox 673 2241 800 2306; x_wconf 89' lang='lat' dir='ltr'><strong>ista</strong></span> <span class='ocrx_word' id='word_1_143' title='bbox 864 2242 1132 2308; x_wconf 89' lang='lat' dir='ltr'><strong>ablativi</strong></span> <span class='ocrx_word' id='word_1_144' title='bbox 1197 2244 1478 2309; x_wconf 90' lang='lat' dir='ltr'><strong>absoluti</strong></span> <span class='ocrx_word' id='word_1_145' title='bbox 1543 2243 1789 2328; x_wconf 87' lang='lat' dir='ltr'><strong>species</strong></span> <span class='ocrx_word' id='word_1_146' title='bbox 1856 2243 2018 2308; x_wconf 83' lang='lat' dir='ltr'><strong>falso</strong></span> <span class='ocrx_word' id='word_1_147' title='bbox 2076 2267 2223 2310; x_wconf 89' lang='lat' dir='ltr'><strong>cum</strong></span> <span class='ocrx_word' id='word_1_148' title='bbox 2279 2268 2354 2310; x_wconf 87' lang='lat' dir='ltr'><strong>ea</strong></span> <span class='ocrx_word' id='word_1_149' title='bbox 2412 2245 2720 2311; x_wconf 84' lang='lat' dir='ltr'><strong>confundi</strong></span> 
     </span>
     <span class='ocr_line' id='line_1_18' title="bbox 271 2349 2720 2435; baseline 0 -21"><span class='ocrx_word' id='word_1_150' title='bbox 271 2349 466 2433; x_wconf 86' lang='lat' dir='ltr'><strong>solet,</strong></span> <span class='ocrx_word' id='word_1_151' title='bbox 521 2369 686 2434; x_wconf 89' lang='lat' dir='ltr'><strong>quae</strong></span> <span class='ocrx_word' id='word_1_152' title='bbox 743 2349 1066 2414; x_wconf 85' lang='lat' dir='ltr'><strong>causalem</strong></span> <span class='ocrx_word' id='word_1_153' title='bbox 1125 2349 1253 2414; x_wconf 90' lang='lat' dir='ltr'><strong>vim</strong></span> <span class='ocrx_word' id='word_1_154' title='bbox 1315 2351 1528 2415; x_wconf 89' lang='lat' dir='ltr'><strong>habet.</strong></span> <span class='ocrx_word' id='word_1_155' title='bbox 1603 2351 1695 2415; x_wconf 90' lang='lat' dir='ltr'><strong>sic</strong></span> <span class='ocrx_word' id='word_1_156' title='bbox 1742 2349 1888 2414; x_wconf 82' lang='lat' dir='ltr'><strong>Tac.</strong></span> <span class='ocrx_word' id='word_1_157' title='bbox 1948 2371 2092 2414; x_wconf 88' lang='lat' dir='ltr'><strong>ann.</strong></span> <span class='ocrx_word' id='word_1_158' title='bbox 2140 2350 2199 2435; x_wconf 93' lang='grc' dir='ltr'><strong>Ι,</strong></span> <span class='ocrx_word' id='word_1_159' title='bbox 2252 2353 2332 2417; x_wconf 84' lang='lat'><strong>77</strong></span> <span class='ocrx_word' id='word_1_160' title='bbox 2382 2358 2451 2418; x_wconf 91' lang='lat' dir='ltr'><strong>at</strong></span> <span class='ocrx_word' id='word_1_161' title='bbox 2494 2352 2720 2417; x_wconf 80' lang='lat' dir='ltr'><strong>theatri</strong></span> 
     </span>
     <span class='ocr_line' id='line_1_19' title="bbox 274 2456 2725 2540; baseline 0 -18"><span class='ocrx_word' id='word_1_162' title='bbox 274 2458 514 2522; x_wconf 84' lang='lat' dir='ltr'><strong>licentia</strong></span> <span class='ocrx_word' id='word_1_163' title='bbox 567 2458 857 2538; x_wconf 77' lang='lat' dir='ltr'><strong>proximo</strong></span> <span class='ocrx_word' id='word_1_164' title='bbox 892 2457 1105 2538; x_wconf 73' lang='lat' dir='ltr'><strong>priore</strong></span> <span class='ocrx_word' id='word_1_165' title='bbox 1159 2477 1325 2522; x_wconf 88' lang='lat' dir='ltr'><strong>anno</strong></span> <span class='ocrx_word' id='word_1_166' title='bbox 1370 2463 1576 2540; x_wconf 77' lang='lat' dir='ltr'><strong>coepta</strong></span> <span class='ocrx_word' id='word_1_167' title='bbox 1623 2456 1881 2540; x_wconf 74' lang='lat' dir='ltr'><strong>yravius</strong></span> <span class='ocrx_word' id='word_1_168' title='bbox 1926 2461 2057 2520; x_wconf 86' lang='lat' dir='ltr'><strong>tum</strong></span> <span class='ocrx_word' id='word_1_169' title='bbox 2102 2459 2304 2540; x_wconf 74' lang='lat' dir='ltr'><strong>erupit</strong></span> <span class='ocrx_word' id='word_1_170' title='bbox 2346 2458 2554 2523; x_wconf 84' lang='lat' dir='ltr'><strong>occisis</strong></span> <span class='ocrx_word' id='word_1_171' title='bbox 2596 2479 2725 2522; x_wconf 91' lang='lat' dir='ltr'><strong>non</strong></span> 
     </span>
     <span class='ocr_line' id='line_1_20' title="bbox 281 2546 2723 2648; baseline 0.001 -20"><span class='ocrx_word' id='word_1_172' title='bbox 281 2565 452 2628; x_wconf 80' lang='lat' dir='ltr'><strong>modo</strong></span> <span class='ocrx_word' id='word_1_173' title='bbox 493 2546 534 2629; x_wconf 58' lang='lat' dir='ltr'><strong>e&#39;</strong></span> <span class='ocrx_word' id='word_1_174' title='bbox 551 2563 751 2647; x_wconf 78' lang='lat' dir='ltr'><strong>plebe,</strong></span> <span class='ocrx_word' id='word_1_175' title='bbox 798 2564 983 2629; x_wconf 85' lang='lat' dir='ltr'><strong>etiam</strong></span> <span class='ocrx_word' id='word_1_176' title='bbox 1019 2563 1320 2630; x_wconf 74' lang='lat' dir='ltr'><strong>militibus</strong></span> <span class='ocrx_word' id='word_1_177' title='bbox 1373 2569 1433 2629; x_wconf 88' lang='lat' dir='ltr'><strong>et</strong></span> <span class='ocrx_word' id='word_1_178' title='bbox 1483 2565 1859 2648; x_wconf 73' lang='lat' dir='ltr'><strong>centurione,</strong></span> <span class='ocrx_word' id='word_1_179' title='bbox 1895 2564 2213 2629; x_wconf 84' lang='lat' dir='ltr'><strong>vulnerato</strong></span> <span class='ocrx_word' id='word_1_180' title='bbox 2261 2565 2504 2630; x_wconf 76' lang='lat' dir='ltr'><strong>tribuno</strong></span> <span class='ocrx_word' id='word_1_181' title='bbox 2539 2586 2723 2647; x_wconf 79' lang='lat' dir='ltr'><strong>prae—</strong></span> 
     </span>
     <span class='ocr_line' id='line_1_21' title="bbox 277 2671 2724 2754; baseline -0 -18"><span class='ocrx_word' id='word_1_182' title='bbox 277 2672 468 2736; x_wconf 84' lang='lat' dir='ltr'><strong>toriae</strong></span> <span class='ocrx_word' id='word_1_183' title='bbox 508 2672 770 2737; x_wconf 77' lang='lat' dir='ltr'><strong>cohortis</strong></span> <span class='ocrx_word' id='word_1_184' title='bbox 823 2672 973 2736; x_wconf 83' lang='lat' dir='ltr'><strong>dum</strong></span> <span class='ocrx_word' id='word_1_185' title='bbox 1013 2672 1252 2752; x_wconf 76' lang='lat' dir='ltr'><strong>probra</strong></span> <span class='ocrx_word' id='word_1_186' title='bbox 1298 2722 1312 2735; x_wconf 94' lang='lat'><strong>.</strong></span> <span class='ocrx_word' id='word_1_187' title='bbox 1351 2722 1364 2735; x_wconf 93' lang='lat'><em>.</em></span> <span class='ocrx_word' id='word_1_188' title='bbox 1404 2722 1417 2737; x_wconf 92' lang='lat'><strong>.</strong></span> <span class='ocrx_word' id='word_1_189' title='bbox 1456 2721 1470 2737; x_wconf 90' lang='lat'><strong>.</strong></span> <span class='ocrx_word' id='word_1_190' title='bbox 1513 2672 1842 2754; x_wconf 76' lang='lat' dir='ltr'><strong>prohibent</strong></span> <span class='ocrx_word' id='word_1_191' title='bbox 1896 2675 2071 2736; x_wconf 89' lang='lat' dir='ltr'><strong>certo</strong></span> <span class='ocrx_word' id='word_1_192' title='bbox 2132 2671 2442 2736; x_wconf 86' lang='lat' dir='ltr'><strong>concedas</strong></span> <span class='ocrx_word' id='word_1_193' title='bbox 2500 2672 2724 2736; x_wconf 86' lang='lat' dir='ltr'><strong>ablati-</strong></span> 
     </span>
     <span class='ocr_line' id='line_1_22' title="bbox 269 2778 2725 2865; baseline -0 -21"><span class='ocrx_word' id='word_1_194' title='bbox 269 2802 424 2844; x_wconf 88' lang='lat' dir='ltr'><strong>vum</strong></span> <span class='ocrx_word' id='word_1_195' title='bbox 500 2779 871 2843; x_wconf 87' lang='lat' dir='ltr'><strong>absolutum</strong></span> <span class='ocrx_word' id='word_1_196' title='bbox 947 2779 1423 2863; x_wconf 84' lang='lat' dir='ltr'><strong>epexegetioam</strong></span> <span class='ocrx_word' id='word_1_197' title='bbox 1501 2802 1694 2865; x_wconf 89' lang='lat' dir='ltr'><strong>quam</strong></span> <span class='ocrx_word' id='word_1_198' title='bbox 1761 2780 1984 2845; x_wconf 90' lang='lat' dir='ltr'><strong>dicunt</strong></span> <span class='ocrx_word' id='word_1_199' title='bbox 2057 2780 2390 2844; x_wconf 90' lang='lat' dir='ltr'><strong>notionem</strong></span> <span class='ocrx_word' id='word_1_200' title='bbox 2467 2778 2725 2864; x_wconf 85' lang='lat' dir='ltr'><strong>habere,</strong></span> 
     </span>
     <span class='ocr_line' id='line_1_23' title="bbox 267 2884 2726 2971; baseline 0 -22"><span class='ocrx_word' id='word_1_201' title='bbox 267 2886 508 2971; x_wconf 86' lang='lat' dir='ltr'><strong>quippe</strong></span> <span class='ocrx_word' id='word_1_202' title='bbox 567 2886 676 2969; x_wconf 91' lang='lat' dir='ltr'><strong>qui</strong></span> <span class='ocrx_word' id='word_1_203' title='bbox 730 2906 863 2949; x_wconf 88' lang='lat' dir='ltr'><strong>non</strong></span> <span class='ocrx_word' id='word_1_204' title='bbox 920 2884 1197 2968; x_wconf 85' lang='lat' dir='ltr'><strong>explicet</strong></span> <span class='ocrx_word' id='word_1_205' title='bbox 1250 2906 1548 2970; x_wconf 74' lang='lat' dir='ltr'><strong>causam,v</strong></span> <span class='ocrx_word' id='word_1_206' title='bbox 1594 2889 1861 2970; x_wconf 88' lang='lat' dir='ltr'><strong>propter</strong></span> <span class='ocrx_word' id='word_1_207' title='bbox 1918 2908 2112 2969; x_wconf 90' lang='lat' dir='ltr'><strong>quam</strong></span> <span class='ocrx_word' id='word_1_208' title='bbox 2169 2885 2410 2952; x_wconf 89' lang='lat' dir='ltr'><strong>theatri</strong></span> <span class='ocrx_word' id='word_1_209' title='bbox 2464 2886 2726 2951; x_wconf 89' lang='lat' dir='ltr'><strong>licentia</strong></span> 
     </span>
     <span class='ocr_line' id='line_1_24' title="bbox 265 2989 2727 3079; baseline 0 -22"><span class='ocrx_word' id='word_1_210' title='bbox 265 2994 534 3079; x_wconf 84' lang='lat' dir='ltr'><strong>gravius</strong></span> <span class='ocrx_word' id='word_1_211' title='bbox 581 2991 890 3076; x_wconf 86' lang='lat' dir='ltr'><strong>eruperit,</strong></span> <span class='ocrx_word' id='word_1_212' title='bbox 938 2989 1048 3055; x_wconf 92' lang='lat' dir='ltr'><strong>sed</strong></span> <span class='ocrx_word' id='word_1_213' title='bbox 1096 2990 1302 3074; x_wconf 91' lang='lat' dir='ltr'><strong>qualis</strong></span> <span class='ocrx_word' id='word_1_214' title='bbox 1353 2991 1488 3055; x_wconf 82' lang='lat' dir='ltr'><strong>eius</strong></span> <span class='ocrx_word' id='word_1_215' title='bbox 1534 3012 1916 3076; x_wconf 86' lang='lat' dir='ltr'><strong>progressus</strong></span> <span class='ocrx_word' id='word_1_216' title='bbox 1976 2992 2189 3057; x_wconf 88' lang='lat' dir='ltr'><strong>fuerit.</strong></span> <span class='ocrx_word' id='word_1_217' title='bbox 2278 2994 2498 3077; x_wconf 87' lang='lat' dir='ltr'><strong>itaque</strong></span> <span class='ocrx_word' id='word_1_218' title='bbox 2547 2996 2727 3076; x_wconf 88' lang='lat' dir='ltr'><strong>patet</strong></span> 
     </span>
     <span class='ocr_line' id='line_1_25' title="bbox 262 3096 2727 3183; baseline -0.001 -18"><span class='ocrx_word' id='word_1_219' title='bbox 262 3100 669 3183; x_wconf 88' lang='lat' dir='ltr'><strong>Draegerum</strong></span> <span class='ocrx_word' id='word_1_220' title='bbox 717 3097 794 3163; x_wconf 91' lang='lat' dir='ltr'><strong>de</strong></span> <span class='ocrx_word' id='word_1_221' title='bbox 841 3118 994 3162; x_wconf 89' lang='lat' dir='ltr'><strong>vera</strong></span> <span class='ocrx_word' id='word_1_222' title='bbox 1052 3096 1243 3161; x_wconf 90' lang='lat' dir='ltr'><strong>huius</strong></span> <span class='ocrx_word' id='word_1_223' title='bbox 1293 3097 1566 3180; x_wconf 85' lang='lat' dir='ltr'><strong>exempli</strong></span> <span class='ocrx_word' id='word_1_224' title='bbox 1624 3097 1875 3161; x_wconf 88' lang='lat' dir='ltr'><strong>ratione</strong></span> <span class='ocrx_word' id='word_1_225' title='bbox 1924 3119 2203 3182; x_wconf 86' lang='lat' dir='ltr'><strong>errasse,</strong></span> <span class='ocrx_word' id='word_1_226' title='bbox 2267 3098 2437 3182; x_wconf 91' lang='lat' dir='ltr'><strong>quod</strong></span> <span class='ocrx_word' id='word_1_227' title='bbox 2494 3098 2727 3162; x_wconf 83' lang='lat' dir='ltr'><strong>statuit</strong></span> 
     </span>
     <span class='ocr_line' id='line_1_26' title="bbox 265 3202 2723 3289; baseline -0.001 -18"><span class='ocrx_word' id='word_1_228' title='bbox 265 3230 408 3271; x_wconf 89' lang='lat' dir='ltr'><strong>esse</strong></span> <span class='ocrx_word' id='word_1_229' title='bbox 449 3206 802 3271; x_wconf 88' lang='lat' dir='ltr'><strong>ablativum</strong></span> <span class='ocrx_word' id='word_1_230' title='bbox 848 3204 915 3268; x_wconf 89' lang='lat' dir='ltr'><strong>in</strong></span> <span class='ocrx_word' id='word_1_231' title='bbox 954 3202 1214 3267; x_wconf 88' lang='lat' dir='ltr'><strong>modum</strong></span> <span class='ocrx_word' id='word_1_232' title='bbox 1262 3203 1582 3288; x_wconf 86' lang='lat' dir='ltr'><strong>participii</strong></span> <span class='ocrx_word' id='word_1_233' title='bbox 1631 3204 1859 3269; x_wconf 86' lang='lat' dir='ltr'><strong>aoristi</strong></span> <span class='ocrx_word' id='word_1_234' title='bbox 1900 3204 2183 3270; x_wconf 81' lang='lat' dir='ltr'><strong>Graecae</strong></span> <span class='ocrx_word' id='word_1_235' title='bbox 2229 3205 2493 3289; x_wconf 84' lang='lat' dir='ltr'><strong>linguae</strong></span> <span class='ocrx_word' id='word_1_236' title='bbox 2541 3224 2723 3269; x_wconf 89' lang='lat' dir='ltr'><strong>usur-</strong></span> 
     </span>
     <span class='ocr_line' id='line_1_27' title="bbox 263 3311 2719 3402; baseline -0.001 -24"><span class='ocrx_word' id='word_1_237' title='bbox 263 3316 522 3397; x_wconf 84' lang='lat' dir='ltr'><strong>patum,</strong></span> <span class='ocrx_word' id='word_1_238' title='bbox 570 3312 752 3395; x_wconf 88' lang='lat' dir='ltr'><strong>quasi</strong></span> <span class='ocrx_word' id='word_1_239' title='bbox 807 3333 959 3380; x_wconf 87' lang='lat' dir='ltr'><strong>vero</strong></span> <span class='ocrx_word' id='word_1_240' title='bbox 1007 3332 1108 3402; x_wconf 85' lang='lat' dir='ltr'><strong>ea,</strong></span> <span class='ocrx_word' id='word_1_241' title='bbox 1165 3332 1326 3395; x_wconf 90' lang='lat' dir='ltr'><strong>quae</strong></span> <span class='ocrx_word' id='word_1_242' title='bbox 1384 3311 1684 3377; x_wconf 87' lang='lat' dir='ltr'><strong>ablativis</strong></span> <span class='ocrx_word' id='word_1_243' title='bbox 1739 3312 1869 3377; x_wconf 91' lang='lat' dir='ltr'><strong>illis</strong></span> <span class='ocrx_word' id='word_1_244' title='bbox 1919 3312 2367 3396; x_wconf 87' lang='lat' dir='ltr'><strong>designantur,</strong></span> <span class='ocrx_word' id='word_1_245' title='bbox 2414 3346 2497 3369; x_wconf 89' lang='lat'><strong>-—.</strong></span> <span class='ocrx_word' id='word_1_246' title='bbox 2548 3311 2719 3397; x_wconf 92' lang='lat' dir='ltr'><strong>quod</strong></span> 
     </span>
     <span class='ocr_line' id='line_1_28' title="bbox 265 3400 2724 3503; baseline -0.001 -19"><span class='ocrx_word' id='word_1_247' title='bbox 265 3419 352 3485; x_wconf 88' lang='lat' dir='ltr'><strong>ad</strong></span> <span class='ocrx_word' id='word_1_248' title='bbox 397 3424 658 3502; x_wconf 87' lang='lat' dir='ltr'><strong>tempus</strong></span> <span class='ocrx_word' id='word_1_249' title='bbox 704 3418 939 3483; x_wconf 86' lang='lat' dir='ltr'><strong>attinet</strong></span> <span class='ocrx_word' id='word_1_250' title='bbox 988 3455 1060 3463; x_wconf 96' lang='lat'>—</span> <span class='ocrx_word' id='word_1_251' title='bbox 1118 3418 1569 3483; x_wconf 88' lang='lat' dir='ltr'><strong>antecederent</strong></span> <span class='ocrx_word' id='word_1_252' title='bbox 1615 3440 1719 3503; x_wconf 87' lang='lat' dir='ltr'><strong>ea,</strong></span> <span class='ocrx_word' id='word_1_253' title='bbox 1782 3400 1943 3503; x_wconf 82' lang='lat' dir='ltr'><strong>quae</strong></span> <span class='ocrx_word' id='word_1_254' title='bbox 1990 3419 2327 3483; x_wconf 88' lang='lat' dir='ltr'><strong>enuntiato</strong></span> <span class='ocrx_word' id='word_1_255' title='bbox 2375 3418 2724 3503; x_wconf 89' lang='lat' dir='ltr'><strong>principali</strong></span> 
     </span>
     <span class='ocr_line' id='line_1_29' title="bbox 263 3510 2097 3610; baseline -0.003 -19"><span class='ocrx_word' id='word_1_256' title='bbox 263 3526 660 3591; x_wconf 85' lang='lat' dir='ltr'><strong>indicantur.</strong></span> <span class='ocrx_word' id='word_1_257' title='bbox 733 3525 860 3589; x_wconf 87' lang='lat' dir='ltr'><strong>alia</strong></span> <span class='ocrx_word' id='word_1_258' title='bbox 908 3524 1200 3610; x_wconf 83' lang='lat' dir='ltr'><strong>exempla</strong></span> <span class='ocrx_word' id='word_1_259' title='bbox 1247 3528 1425 3590; x_wconf 87' lang='lat' dir='ltr'><strong>sunt:</strong></span> <span class='ocrx_word' id='word_1_260' title='bbox 2091 3510 2097 3517; x_wconf 47' lang='lat'>⁸</span> 
     </span>
    </p>
   </div>
   <div class='ocr_carea' id='block_1_5' title="bbox 535 3700 2458 3789">
    <p class='ocr_par' dir='ltr' id='par_1_5' title="bbox 535 3700 2458 3789">
     <span class='ocr_line' id='line_1_30' title="bbox 535 3700 2458 3789; baseline 0 -22"><span class='ocrx_word' id='word_1_261' title='bbox 535 3700 602 3789; x_wconf 81' lang='lat' dir='ltr'><strong>a)</strong></span> <span class='ocrx_word' id='word_1_262' title='bbox 651 3702 1045 3768; x_wconf 84' lang='lat' dir='ltr'><strong>ablativus</strong></span> <span class='ocrx_word' id='word_1_263' title='bbox 1093 3702 1500 3767; x_wconf 89' lang='lat' dir='ltr'><strong>absolutus</strong></span> <span class='ocrx_word' id='word_1_264' title='bbox 1547 3702 1955 3787; x_wconf 89' lang='lat' dir='ltr'><strong>participii</strong></span> <span class='ocrx_word' id='word_1_265' title='bbox 2001 3702 2458 3787; x_wconf 78' lang='lat' dir='ltr'><strong>praesentis,</strong></span> 
     </span>
    </p>
   </div>
   <div class='ocr_carea' id='block_1_6' title="bbox 593 3834 1287 3905">
    <p class='ocr_par' dir='ltr' id='par_1_6' title="bbox 593 3834 1287 3905">
     <span class='ocr_line' id='line_1_31' title="bbox 593 3834 1287 3905; baseline 0.001 -13"><span class='ocrx_word' id='word_1_266' title='bbox 593 3838 646 3893; x_wconf 92' lang='grc' dir='ltr'><strong>Ι.</strong></span> <span class='ocrx_word' id='word_1_267' title='bbox 692 3835 901 3905; x_wconf 78' lang='lat' dir='ltr'><strong>Apud</strong></span> <span class='ocrx_word' id='word_1_268' title='bbox 947 3834 1287 3893; x_wconf 74' lang='lat' dir='ltr'><strong>Tacitumx</strong></span> 
     </span>
    </p>
   </div>
   <div class='ocr_carea' id='block_1_7' title="bbox 269 3951 2729 4785">
    <p class='ocr_par' dir='ltr' id='par_1_7' title="bbox 269 3951 2729 4785">
     <span class='ocr_line' id='line_1_32' title="bbox 453 3951 2724 4038; baseline 0 -22"><span class='ocrx_word' id='word_1_269' title='bbox 453 3974 602 4018; x_wconf 88' lang='lat' dir='ltr'><strong>ann.</strong></span> <span class='ocrx_word' id='word_1_270' title='bbox 639 3951 762 4035; x_wconf 91' lang='grc' dir='ltr'><strong>ΙΠ,</strong></span> <span class='ocrx_word' id='word_1_271' title='bbox 800 3952 883 4016; x_wconf 83' lang='grc'><strong>67</strong></span> <span class='ocrx_word' id='word_1_272' title='bbox 931 3973 1058 4016; x_wconf 91' lang='lat' dir='ltr'><strong>non</strong></span> <span class='ocrx_word' id='word_1_273' title='bbox 1104 3956 1471 4033; x_wconf 80' lang='lat' dir='ltr'><strong>temperante</strong></span> <span class='ocrx_word' id='word_1_274' title='bbox 1511 3952 1753 4017; x_wconf 85' lang='lat' dir='ltr'><strong>Tiberio</strong></span> <span class='ocrx_word' id='word_1_275' title='bbox 1788 3956 1897 4035; x_wconf 78' lang='lat' dir='ltr'><strong>qui</strong></span> <span class='ocrx_word' id='word_1_276' title='bbox 1931 3958 2235 4038; x_wconf 72' lang='lat' dir='ltr'><strong>premeret</strong></span> <span class='ocrx_word' id='word_1_277' title='bbox 2276 3972 2425 4017; x_wconf 81' lang='lat' dir='ltr'><strong>voce.</strong></span> <span class='ocrx_word' id='word_1_278' title='bbox 2493 3951 2613 4035; x_wconf 94' lang='grc' dir='ltr'>ΙΙΙ,</span> <span class='ocrx_word' id='word_1_279' title='bbox 2640 3952 2724 4017; x_wconf 89' lang='grc'><strong>68</strong></span> 
     </span>
     <span class='ocr_line' id='line_1_33' title="bbox 273 4058 2727 4143; baseline -0.001 -18"><span class='ocrx_word' id='word_1_280' title='bbox 273 4064 580 4125; x_wconf 80' lang='lat' dir='ltr'><strong>annuente</strong></span> <span class='ocrx_word' id='word_1_281' title='bbox 610 4059 868 4124; x_wconf 82' lang='lat' dir='ltr'><strong>Tiberio.</strong></span> <span class='ocrx_word' id='word_1_282' title='bbox 939 4058 1052 4143; x_wconf 88' lang='lat' dir='ltr'><strong>IV,</strong></span> <span class='ocrx_word' id='word_1_283' title='bbox 1087 4060 1167 4123; x_wconf 81' lang='lat'><strong>12</strong></span> <span class='ocrx_word' id='word_1_284' title='bbox 1214 4064 1472 4123; x_wconf 85' lang='lat' dir='ltr'><strong>ceterum</strong></span> <span class='ocrx_word' id='word_1_285' title='bbox 1509 4059 1803 4124; x_wconf 81' lang='lat' dir='ltr'><strong>laudante</strong></span> <span class='ocrx_word' id='word_1_286' title='bbox 1846 4061 2053 4141; x_wconf 74' lang='lat' dir='ltr'><strong>filium</strong></span> <span class='ocrx_word' id='word_1_287' title='bbox 2076 4080 2198 4141; x_wconf 76' lang='lat' dir='ltr'><strong>pro</strong></span> <span class='ocrx_word' id='word_1_288' title='bbox 2236 4060 2455 4123; x_wconf 79' lang='lat' dir='ltr'><strong>rostris</strong></span> <span class='ocrx_word' id='word_1_289' title='bbox 2487 4058 2727 4123; x_wconf 80' lang='lat' dir='ltr'><strong>Tiberio</strong></span> 
     </span>
     <span class='ocr_line' id='line_1_34' title="bbox 273 4165 2727 4250; baseline -0 -19"><span class='ocrx_word' id='word_1_290' title='bbox 273 4172 522 4233; x_wconf 80' lang='lat' dir='ltr'><strong>senatus</strong></span> <span class='ocrx_word' id='word_1_291' title='bbox 564 4166 949 4249; x_wconf 73' lang='lat' dir='ltr'><strong>populusque</strong></span> <span class='ocrx_word' id='word_1_292' title='bbox 995 4215 1009 4232; x_wconf 92' lang='lat'><strong>.</strong></span> <span class='ocrx_word' id='word_1_293' title='bbox 1048 4215 1062 4231; x_wconf 90' lang='lat'><strong>.</strong></span> <span class='ocrx_word' id='word_1_294' title='bbox 1101 4217 1115 4230; x_wconf 94' lang='lat'><strong>.</strong></span> <span class='ocrx_word' id='word_1_295' title='bbox 1155 4215 1169 4231; x_wconf 88' lang='lat'>.</span> <span class='ocrx_word' id='word_1_296' title='bbox 1224 4166 1529 4231; x_wconf 83' lang='lat' dir='ltr'><strong>induebat.</strong></span> <span class='ocrx_word' id='word_1_297' title='bbox 1609 4165 1727 4250; x_wconf 89' lang='lat' dir='ltr'><strong>IV,</strong></span> <span class='ocrx_word' id='word_1_298' title='bbox 1779 4168 1858 4231; x_wconf 87' lang='lat'><strong>13</strong></span> <span class='ocrx_word' id='word_1_299' title='bbox 1915 4168 1971 4231; x_wconf 82' lang='lat' dir='ltr'><strong>is</strong></span> <span class='ocrx_word' id='word_1_300' title='bbox 2026 4187 2257 4248; x_wconf 79' lang='lat' dir='ltr'><strong>quoque</strong></span> <span class='ocrx_word' id='word_1_301' title='bbox 2311 4186 2517 4231; x_wconf 84' lang='lat' dir='ltr'><strong>annus</strong></span> <span class='ocrx_word' id='word_1_302' title='bbox 2572 4166 2727 4249; x_wconf 71' lang='lat' dir='ltr'><strong>leya-</strong></span> 
     </span>
     <span class='ocr_line' id='line_1_35' title="bbox 272 4270 2727 4355; baseline 0 -17"><span class='ocrx_word' id='word_1_303' title='bbox 272 4277 468 4340; x_wconf 80' lang='lat' dir='ltr'><strong>tiones</strong></span> <span class='ocrx_word' id='word_1_304' title='bbox 514 4272 901 4338; x_wconf 78' lang='lat' dir='ltr'><strong>Graecarum</strong></span> <span class='ocrx_word' id='word_1_305' title='bbox 953 4274 1296 4337; x_wconf 85' lang='lat' dir='ltr'><strong>civitatium</strong></span> <span class='ocrx_word' id='word_1_306' title='bbox 1339 4273 1632 4355; x_wconf 75' lang='lat' dir='ltr'><strong>praebuit</strong></span> <span class='ocrx_word' id='word_1_307' title='bbox 1674 4272 1913 4339; x_wconf 79' lang='lat' dir='ltr'><strong>Samiis</strong></span> <span class='ocrx_word' id='word_1_308' title='bbox 1957 4324 1971 4337; x_wconf 93' lang='lat'><strong>.</strong></span> <span class='ocrx_word' id='word_1_309' title='bbox 2012 4322 2025 4337; x_wconf 93' lang='lat'><strong>.</strong></span> <span class='ocrx_word' id='word_1_310' title='bbox 2064 4321 2078 4337; x_wconf 88' lang='lat'><strong>.</strong></span> <span class='ocrx_word' id='word_1_311' title='bbox 2116 4322 2131 4337; x_wconf 92' lang='lat'><strong>.</strong></span> <span class='ocrx_word' id='word_1_312' title='bbox 2196 4270 2337 4338; x_wconf 80' lang='lat' dir='ltr'><strong>Cois</strong></span> <span class='ocrx_word' id='word_1_313' title='bbox 2370 4272 2727 4355; x_wconf 76' lang='lat' dir='ltr'><strong>petentibus.</strong></span> 
     </span>
     <span class='ocr_line' id='line_1_36' title="bbox 269 4378 2728 4466; baseline -0 -21"><span class='ocrx_word' id='word_1_314' title='bbox 269 4380 387 4466; x_wconf 86' lang='lat' dir='ltr'><strong>IV,</strong></span> <span class='ocrx_word' id='word_1_315' title='bbox 434 4380 522 4445; x_wconf 85' lang='lat'><strong>25</strong></span> <span class='ocrx_word' id='word_1_316' title='bbox 577 4381 841 4444; x_wconf 84' lang='lat' dir='ltr'><strong>aderant</strong></span> <span class='ocrx_word' id='word_1_317' title='bbox 891 4382 1080 4446; x_wconf 84' lang='lat' dir='ltr'><strong>servis</strong></span> <span class='ocrx_word' id='word_1_318' title='bbox 1133 4401 1338 4445; x_wconf 83' lang='lat' dir='ltr'><strong>omnes</strong></span> <span class='ocrx_word' id='word_1_319' title='bbox 1404 4382 1474 4445; x_wconf 90' lang='lat' dir='ltr'><strong>in</strong></span> <span class='ocrx_word' id='word_1_320' title='bbox 1537 4380 1834 4445; x_wconf 85' lang='lat' dir='ltr'><strong>barbaros</strong></span> <span class='ocrx_word' id='word_1_321' title='bbox 1873 4380 2249 4462; x_wconf 74' lang='lat' dir='ltr'><strong>praepeditis</strong></span> <span class='ocrx_word' id='word_1_322' title='bbox 2303 4378 2728 4445; x_wconf 82' lang='lat' dir='ltr'><strong>Numidarum</strong></span> 
     </span>
     <span class='ocr_line' id='line_1_37' title="bbox 272 4486 2729 4571; baseline -0 -19"><span class='ocrx_word' id='word_1_323' title='bbox 272 4489 444 4570; x_wconf 79' lang='lat' dir='ltr'><strong>equis</strong></span> <span class='ocrx_word' id='word_1_324' title='bbox 479 4492 594 4553; x_wconf 84' lang='lat' dir='ltr'><strong>aut</strong></span> <span class='ocrx_word' id='word_1_325' title='bbox 625 4487 893 4551; x_wconf 78' lang='lat' dir='ltr'><strong>diversos</strong></span> <span class='ocrx_word' id='word_1_326' title='bbox 916 4492 1140 4569; x_wconf 77' lang='lat' dir='ltr'><strong>pastus</strong></span> <span class='ocrx_word' id='word_1_327' title='bbox 1169 4487 1647 4569; x_wconf 71' lang='lat' dir='ltr'><strong>pererrantibua</strong></span> <span class='ocrx_word' id='word_1_328' title='bbox 1722 4486 1836 4571; x_wconf 86' lang='lat' dir='ltr'><strong>IV,</strong></span> <span class='ocrx_word' id='word_1_329' title='bbox 1862 4488 1949 4552; x_wconf 88' lang='grc'><strong>49</strong></span> <span class='ocrx_word' id='word_1_330' title='bbox 1986 4486 2162 4551; x_wconf 83' lang='lat' dir='ltr'><strong>rebus</strong></span> <span class='ocrx_word' id='word_1_331' title='bbox 2200 4486 2459 4552; x_wconf 74' lang='lat' dir='ltr'><strong>tin-batis·</strong></span> <span class='ocrx_word' id='word_1_332' title='bbox 2492 4489 2729 4553; x_wconf 82' lang='lat' dir='ltr'><strong>malum</strong></span> 
     </span>
     <span class='ocr_line' id='line_1_38' title="bbox 273 4592 2729 4659; baseline 0 0"><span class='ocrx_word' id='word_1_333' title='bbox 273 4598 609 4659; x_wconf 70' lang='lat' dir='ltr'><strong>extremum</strong></span> <span class='ocrx_word' id='word_1_334' title='bbox 661 4593 968 4658; x_wconf 80' lang='lat' dir='ltr'><strong>discordia</strong></span> <span class='ocrx_word' id='word_1_335' title='bbox 1031 4594 1280 4658; x_wconf 82' lang='lat' dir='ltr'><strong>accessit</strong></span> <span class='ocrx_word' id='word_1_336' title='bbox 1328 4592 1428 4657; x_wconf 79' lang='lat' dir='ltr'><strong>his</strong></span> <span class='ocrx_word' id='word_1_337' title='bbox 1471 4594 1833 4658; x_wconf 82' lang='lat' dir='ltr'><strong>deditionem</strong></span> <span class='ocrx_word' id='word_1_338' title='bbox 1892 4594 2040 4657; x_wconf 84' lang='lat' dir='ltr'><strong>aliis</strong></span> <span class='ocrx_word' id='word_1_339' title='bbox 2084 4598 2336 4657; x_wconf 87' lang='lat' dir='ltr'><strong>mortem</strong></span> <span class='ocrx_word' id='word_1_340' title='bbox 2380 4599 2439 4658; x_wconf 85' lang='lat' dir='ltr'><strong>et</strong></span> <span class='ocrx_word' id='word_1_341' title='bbox 2488 4600 2729 4659; x_wconf 80' lang='lat' dir='ltr'><strong>mutuos</strong></span> 
     </span>
     <span class='ocr_line' id='line_1_39' title="bbox 276 4699 2729 4785; baseline 0 -20"><span class='ocrx_word' id='word_1_342' title='bbox 276 4702 438 4765; x_wconf 84' lang='lat' dir='ltr'><strong>inter</strong></span> <span class='ocrx_word' id='word_1_343' title='bbox 463 4720 528 4765; x_wconf 83' lang='lat' dir='ltr'><strong>se</strong></span> <span class='ocrx_word' id='word_1_344' title='bbox 553 4704 710 4765; x_wconf 81' lang='lat' dir='ltr'><strong>ictus</strong></span> <span class='ocrx_word' id='word_1_345' title='bbox 719 4700 1113 4783; x_wconf 72' lang='lat' dir='ltr'><strong>parantibus,</strong></span> <span class='ocrx_word' id='word_1_346' title='bbox 1161 4699 1240 4785; x_wconf 90' lang='lat' dir='ltr'><strong>V,</strong></span> <span class='ocrx_word' id='word_1_347' title='bbox 1265 4702 1298 4764; x_wconf 81' lang='lat'>7</span> <span class='ocrx_word' id='word_1_348' title='bbox 1333 4702 1562 4765; x_wconf 84' lang='lat' dir='ltr'><strong>cunctis</strong></span> <span class='ocrx_word' id='word_1_349' title='bbox 1587 4701 1965 4783; x_wconf 75' lang='lat' dir='ltr'><strong>intrepidum</strong></span> <span class='ocrx_word' id='word_1_350' title='bbox 1990 4701 2227 4765; x_wconf 83' lang='lat' dir='ltr'><strong>vultum</strong></span> <span class='ocrx_word' id='word_1_351' title='bbox 2254 4701 2384 4765; x_wconf 79' lang='lat' dir='ltr'><strong>eius</strong></span> <span class='ocrx_word' id='word_1_352' title='bbox 2408 4702 2729 4783; x_wconf 76' lang='lat' dir='ltr'><strong>spectanti-</strong></span> 
     </span>
    </p>
   </div>
  </div>
 </body>
</html>
