<?xml version="1.0" encoding="UTF-8"?>
<!DOCTYPE html PUBLIC "-//W3C//DTD XHTML 1.0 Transitional//EN"
    "http://www.w3.org/TR/xhtml1/DTD/xhtml1-transitional.dtd">
<html xmlns="http://www.w3.org/1999/xhtml" xml:lang="en" lang="en">
 <head>
  <title>
</title>
<meta http-equiv="Content-Type" content="text/html;charset=utf-8" />
  <meta name='ocr-system' content='tesseract 3.04.00' />
  <meta name='ocr-capabilities' content='ocr_page ocr_carea ocr_par ocr_line ocrx_word'/>
</head>
<body>
  <div class='ocr_page' id='page_1' title='image "./quaestionessynt01helmgoog_0028.png"; bbox 0 0 3303 5235; ppageno 0'>
   <div class='ocr_carea' id='block_1_1' title="bbox 591 262 1948 332">
    <p class='ocr_par' dir='ltr' id='par_1_1' title="bbox 591 262 1948 332">
     <span class='ocr_line' id='line_1_1' title="bbox 591 262 1948 332; baseline 0.001 -18"><span class='ocrx_word' id='word_1_1' title='bbox 591 262 678 326; x_wconf 80' lang='lat'><strong><em>22</em></strong></span> <span class='ocrx_word' id='word_1_2' title='bbox 1664 262 1845 332; x_wconf 80' lang='lat' dir='ltr'><strong><em>Caput</em></strong></span> <span class='ocrx_word' id='word_1_3' title='bbox 1880 262 1948 316; x_wconf 90' lang='grc' dir='ltr'><strong><em>Π.</em></strong></span> 
     </span>
    </p>
   </div>
   <div class='ocr_carea' id='block_1_2' title="bbox 586 423 3087 3807">
    <p class='ocr_par' dir='ltr' id='par_1_2' title="bbox 586 423 3087 2725">
     <span class='ocr_line' id='line_1_2' title="bbox 777 423 3087 509; baseline 0 -21"><span class='ocrx_word' id='word_1_4' title='bbox 777 425 926 490; x_wconf 87' lang='lat' dir='ltr'><strong><em>Tac.</em></strong></span> <span class='ocrx_word' id='word_1_5' title='bbox 971 447 1117 489; x_wconf 89' lang='lat' dir='ltr'><strong><em>ann.</em></strong></span> <span class='ocrx_word' id='word_1_6' title='bbox 1165 425 1198 489; x_wconf 98' lang='lat' dir='ltr'>I</span> <span class='ocrx_word' id='word_1_7' title='bbox 1208 475 1225 509; x_wconf 93' lang='lat'>,</span> <span class='ocrx_word' id='word_1_8' title='bbox 1269 423 1358 488; x_wconf 87' lang='lat'><strong><em>45</em></strong></span> <span class='ocrx_word' id='word_1_9' title='bbox 1401 426 1489 489; x_wconf 86' lang='lat' dir='ltr'><strong><em>sic</em></strong></span> <span class='ocrx_word' id='word_1_10' title='bbox 1533 425 1878 506; x_wconf 88' lang='lat' dir='ltr'><strong><em>compositis</em></strong></span> <span class='ocrx_word' id='word_1_11' title='bbox 1922 424 2345 507; x_wconf 80' lang='lat' dir='ltr'><strong><em>praesentibus</em></strong></span> <span class='ocrx_word' id='word_1_12' title='bbox 2388 423 2560 490; x_wconf 82' lang='lat' dir='ltr'><strong><em>haud</em></strong></span> <span class='ocrx_word' id='word_1_13' title='bbox 2609 424 2815 488; x_wconf 90' lang='lat' dir='ltr'><strong><em>minor</em></strong></span> <span class='ocrx_word' id='word_1_14' title='bbox 2858 424 3087 488; x_wconf 79' lang='lat' dir='ltr'><strong><em>moles</em></strong></span> 
     </span>
     <span class='ocr_line' id='line_1_3' title="bbox 590 528 3080 617; baseline -0.002 -19"><span class='ocrx_word' id='word_1_15' title='bbox 590 537 908 614; x_wconf 74' lang='lat' dir='ltr'><strong><em>supererat</em></strong></span> <span class='ocrx_word' id='word_1_16' title='bbox 964 528 1227 617; x_wconf 88' lang='lat' dir='ltr'><strong><em>(accidit</em></strong></span> <span class='ocrx_word' id='word_1_17' title='bbox 1280 535 1616 614; x_wconf 87' lang='lat' dir='ltr'><strong><em>praeterea</em></strong></span> <span class='ocrx_word' id='word_1_18' title='bbox 1672 531 1741 594; x_wconf 91' lang='lat' dir='ltr'><strong><em>in</em></strong></span> <span class='ocrx_word' id='word_1_19' title='bbox 1785 530 1908 595; x_wconf 90' lang='lat' dir='ltr'><strong><em>hoc</em></strong></span> <span class='ocrx_word' id='word_1_20' title='bbox 1954 531 2283 614; x_wconf 83' lang='lat' dir='ltr'><strong><em>exemplo,</em></strong></span> <span class='ocrx_word' id='word_1_21' title='bbox 2339 534 2411 595; x_wconf 85' lang='lat' dir='ltr'><strong><em>ut</em></strong></span> <span class='ocrx_word' id='word_1_22' title='bbox 2453 530 2867 614; x_wconf 77' lang='lat' dir='ltr'>participium</span> <span class='ocrx_word' id='word_1_23' title='bbox 2928 552 3080 613; x_wconf 88' lang='lat' dir='ltr'><strong><em>pro</em></strong></span> 
     </span>
     <span class='ocr_line' id='line_1_4' title="bbox 593 636 3083 720; baseline -0.002 -17"><span class='ocrx_word' id='word_1_24' title='bbox 593 638 997 704; x_wconf 83' lang='lat' dir='ltr'><strong><em>substantivo</em></strong></span> <span class='ocrx_word' id='word_1_25' title='bbox 1100 639 1482 720; x_wconf 87' lang='lat' dir='ltr'><strong><em>usurpatum</em></strong></span> <span class='ocrx_word' id='word_1_26' title='bbox 1581 638 1650 701; x_wconf 92' lang='lat' dir='ltr'><strong><em>in</em></strong></span> <span class='ocrx_word' id='word_1_27' title='bbox 1746 636 2032 701; x_wconf 86' lang='lat' dir='ltr'><strong><em>ablativo</em></strong></span> <span class='ocrx_word' id='word_1_28' title='bbox 2136 636 2431 700; x_wconf 87' lang='lat' dir='ltr'><strong><em>absoluto</em></strong></span> <span class='ocrx_word' id='word_1_29' title='bbox 2530 637 2857 720; x_wconf 88' lang='lat' dir='ltr'><strong><em>prolatum</em></strong></span> <span class='ocrx_word' id='word_1_30' title='bbox 2968 636 3083 700; x_wconf 83' lang='lat' dir='ltr'><strong><em>sit</em></strong></span> 
     </span>
     <span class='ocr_line' id='line_1_5' title="bbox 605 743 3073 828; baseline -0.002 -18"><span class='ocrx_word' id='word_1_31' title='bbox 605 781 677 792; x_wconf 89' lang='lat'><strong>—</strong></span> <span class='ocrx_word' id='word_1_32' title='bbox 756 744 1214 827; x_wconf 91' lang='lat' dir='ltr'><strong><em>compositis</em></strong></span> <span class='ocrx_word' id='word_1_33' title='bbox 1287 743 1841 828; x_wconf 87' lang='lat' dir='ltr'><strong><em>praesentibus</em></strong></span> <span class='ocrx_word' id='word_1_34' title='bbox 1898 773 1982 796; x_wconf 91' lang='lat'><strong><em>==</em></strong></span> <span class='ocrx_word' id='word_1_35' title='bbox 2037 743 2437 827; x_wconf 83' lang='lat' dir='ltr'><strong><em>praesenti</em></strong></span> <span class='ocrx_word' id='word_1_36' title='bbox 2506 765 2755 808; x_wconf 89' lang='lat' dir='ltr'><strong><em>rerum</em></strong></span> <span class='ocrx_word' id='word_1_37' title='bbox 2830 744 3073 806; x_wconf 87' lang='lat' dir='ltr'><strong><em>statu</em></strong></span> 
     </span>
     <span class='ocr_line' id='line_1_6' title="bbox 592 848 3077 935; baseline -0.002 -20"><span class='ocrx_word' id='word_1_38' title='bbox 592 850 1028 935; x_wconf 80' lang='lat' dir='ltr'><strong><em>composito</em></strong></span> <span class='ocrx_word' id='word_1_39' title='bbox 1076 885 1158 896; x_wconf 89' lang='lat'><strong><em>-·-</em></strong></span> <span class='ocrx_word' id='word_1_40' title='bbox 1209 871 1336 933; x_wconf 90' lang='lat' dir='ltr'><strong><em>qua</em></strong></span> <span class='ocrx_word' id='word_1_41' title='bbox 1383 871 1461 914; x_wconf 85' lang='lat' dir='ltr'><strong><em>ex</em></strong></span> <span class='ocrx_word' id='word_1_42' title='bbox 1505 871 1574 914; x_wconf 90' lang='lat' dir='ltr'><strong><em>re</em></strong></span> <span class='ocrx_word' id='word_1_43' title='bbox 1620 849 1724 913; x_wconf 78' lang='lat' dir='ltr'><strong><em>vel</em></strong></span> <span class='ocrx_word' id='word_1_44' title='bbox 1782 848 2058 912; x_wconf 85' lang='lat' dir='ltr'>maxime</span> <span class='ocrx_word' id='word_1_45' title='bbox 2114 852 2384 933; x_wconf 84' lang='lat' dir='ltr'><strong><em>apparet</em></strong></span> <span class='ocrx_word' id='word_1_46' title='bbox 2438 848 2851 934; x_wconf 69' lang='lat' dir='ltr'>participium</span> <span class='ocrx_word' id='word_1_47' title='bbox 2896 848 3077 912; x_wconf 83' lang='lat' dir='ltr'><strong><em>sub-</em></strong></span> 
     </span>
     <span class='ocr_line' id='line_1_7' title="bbox 595 951 3066 1040; baseline -0.002 -18"><span class='ocrx_word' id='word_1_48' title='bbox 595 957 862 1022; x_wconf 85' lang='lat' dir='ltr'><strong><em>stantivi</em></strong></span> <span class='ocrx_word' id='word_1_49' title='bbox 908 956 1039 1020; x_wconf 84' lang='lat' dir='ltr'><strong><em>vim</em></strong></span> <span class='ocrx_word' id='word_1_50' title='bbox 1084 957 1280 1040; x_wconf 86' lang='lat' dir='ltr'><strong><em>plane</em></strong></span> <span class='ocrx_word' id='word_1_51' title='bbox 1327 955 1452 1020; x_wconf 91' lang='lat' dir='ltr'><strong><em>sibi</em></strong></span> <span class='ocrx_word' id='word_1_52' title='bbox 1478 951 1873 1040; x_wconf 87' lang='lat' dir='ltr'><strong><em>vindicasse)</em></strong></span> <span class='ocrx_word' id='word_1_53' title='bbox 1929 954 1983 1037; x_wconf 92' lang='lat' dir='ltr'><strong><em>I,</em></strong></span> <span class='ocrx_word' id='word_1_54' title='bbox 2012 955 2098 1020; x_wconf 89' lang='lat'><strong><em>65</em></strong></span> <span class='ocrx_word' id='word_1_55' title='bbox 2144 960 2350 1036; x_wconf 89' lang='lat' dir='ltr'><strong><em>coepta</em></strong></span> <span class='ocrx_word' id='word_1_56' title='bbox 2394 957 2525 1020; x_wconf 87' lang='lat' dir='ltr'><strong><em>luce</em></strong></span> <span class='ocrx_word' id='word_1_57' title='bbox 2566 956 2791 1022; x_wconf 88' lang='lat' dir='ltr'><strong><em>missae</em></strong></span> <span class='ocrx_word' id='word_1_58' title='bbox 2834 955 2905 1019; x_wconf 92' lang='lat' dir='ltr'><strong><em>in</em></strong></span> <span class='ocrx_word' id='word_1_59' title='bbox 2958 955 3066 1018; x_wconf 84' lang='lat' dir='ltr'><strong><em>la-</em></strong></span> 
     </span>
     <span class='ocr_line' id='line_1_8' title="bbox 593 1061 3068 1147; baseline -0.002 -17"><span class='ocrx_word' id='word_1_60' title='bbox 593 1069 724 1130; x_wconf 90' lang='lat' dir='ltr'><strong><em>tera</em></strong></span> <span class='ocrx_word' id='word_1_61' title='bbox 788 1065 1046 1147; x_wconf 73' lang='lat' dir='ltr'><strong><em>leqiones</em></strong></span> <span class='ocrx_word' id='word_1_62' title='bbox 1107 1068 1270 1128; x_wconf 73' lang='lat' dir='ltr'><strong><em>metu</em></strong></span> <span class='ocrx_word' id='word_1_63' title='bbox 1323 1083 1412 1127; x_wconf 90' lang='lat' dir='ltr'><strong><em>an</em></strong></span> <span class='ocrx_word' id='word_1_64' title='bbox 1473 1061 1860 1128; x_wconf 78' lang='lat' dir='ltr'><strong><em>contumacia</em></strong></span> <span class='ocrx_word' id='word_1_65' title='bbox 1926 1061 2125 1126; x_wconf 87' lang='lat' dir='ltr'><strong><em>locum</em></strong></span> <span class='ocrx_word' id='word_1_66' title='bbox 2186 1063 2495 1128; x_wconf 77' lang='lat' dir='ltr'><strong><em>deseruere</em></strong></span> <span class='ocrx_word' id='word_1_67' title='bbox 2557 1067 2729 1145; x_wconf 86' lang='lat' dir='ltr'><strong><em>capto</em></strong></span> <span class='ocrx_word' id='word_1_68' title='bbox 2787 1082 3068 1144; x_wconf 76' lang='lat' dir='ltr'><strong><em>propere</em></strong></span> 
     </span>
     <span class='ocr_line' id='line_1_9' title="bbox 591 1167 3064 1253; baseline -0.002 -17"><span class='ocrx_word' id='word_1_69' title='bbox 591 1192 804 1253; x_wconf 87' lang='lat' dir='ltr'><strong><em>campo</em></strong></span> <span class='ocrx_word' id='word_1_70' title='bbox 857 1171 1174 1235; x_wconf 78' lang='lat' dir='ltr'><strong><em>humentia</em></strong></span> <span class='ocrx_word' id='word_1_71' title='bbox 1227 1169 1412 1235; x_wconf 80' lang='lat' dir='ltr'><strong><em>ultra.</em></strong></span> <span class='ocrx_word' id='word_1_72' title='bbox 1484 1168 1542 1252; x_wconf 93' lang='lat' dir='ltr'><strong><em>I,</em></strong></span> <span class='ocrx_word' id='word_1_73' title='bbox 1593 1169 1674 1233; x_wconf 82' lang='lat'><strong><em>79</em></strong></span> <span class='ocrx_word' id='word_1_74' title='bbox 1720 1188 1829 1234; x_wconf 88' lang='lat' dir='ltr'><strong><em>nec</em></strong></span> <span class='ocrx_word' id='word_1_75' title='bbox 1872 1167 2129 1232; x_wconf 77' lang='lat' dir='ltr'><strong><em>Reatini</em></strong></span> <span class='ocrx_word' id='word_1_76' title='bbox 2180 1168 2445 1234; x_wconf 78' lang='lat' dir='ltr'><strong><em>silebant</em></strong></span> <span class='ocrx_word' id='word_1_77' title='bbox 2500 1169 2784 1235; x_wconf 76' lang='lat' dir='ltr'><strong><em>Velinum</em></strong></span> <span class='ocrx_word' id='word_1_78' title='bbox 2840 1169 3064 1234; x_wconf 82' lang='lat' dir='ltr'><strong><em>lacum</em></strong></span> 
     </span>
     <span class='ocr_line' id='line_1_10' title="bbox 591 1274 3065 1360; baseline -0.001 -18"><span class='ocrx_word' id='word_1_79' title='bbox 591 1299 716 1360; x_wconf 77' lang='lat' dir='ltr'><strong><em>qua</em></strong></span> <span class='ocrx_word' id='word_1_80' title='bbox 773 1279 842 1342; x_wconf 89' lang='lat' dir='ltr'><strong><em>in</em></strong></span> <span class='ocrx_word' id='word_1_81' title='bbox 900 1277 1137 1342; x_wconf 86' lang='lat' dir='ltr'><strong><em>Narem</em></strong></span> <span class='ocrx_word' id='word_1_82' title='bbox 1197 1275 1538 1356; x_wconf 83' lang='lat' dir='ltr'><strong><em>effunditur</em></strong></span> <span class='ocrx_word' id='word_1_83' title='bbox 1596 1274 1831 1340; x_wconf 84' lang='lat' dir='ltr'><strong><em>obstrui</em></strong></span> <span class='ocrx_word' id='word_1_84' title='bbox 1887 1280 2232 1342; x_wconf 77' lang='lat' dir='ltr'><strong><em>recusantes</em></strong></span> <span class='ocrx_word' id='word_1_85' title='bbox 2284 1276 2509 1358; x_wconf 78' lang='lat' dir='ltr'><strong><em>quippe</em></strong></span> <span class='ocrx_word' id='word_1_86' title='bbox 2566 1277 2639 1340; x_wconf 93' lang='lat' dir='ltr'><strong><em>in</em></strong></span> <span class='ocrx_word' id='word_1_87' title='bbox 2694 1277 3065 1342; x_wconf 84' lang='lat' dir='ltr'><strong><em>adiacentia</em></strong></span> 
     </span>
     <span class='ocr_line' id='line_1_11' title="bbox 593 1381 3056 1466; baseline -0.001 -18"><span class='ocrx_word' id='word_1_88' title='bbox 593 1389 972 1466; x_wconf 78' lang='lat' dir='ltr'><strong><em>erupturum.</em></strong></span> <span class='ocrx_word' id='word_1_89' title='bbox 1043 1381 1171 1464; x_wconf 88' lang='grc' dir='ltr'><strong><em>ΠΙ,</em></strong></span> <span class='ocrx_word' id='word_1_90' title='bbox 1218 1383 1303 1448; x_wconf 83' lang='lat'><strong><em>28</em></strong></span> <span class='ocrx_word' id='word_1_91' title='bbox 1349 1382 1512 1448; x_wconf 87' lang='lat' dir='ltr'><strong><em>velut</em></strong></span> <span class='ocrx_word' id='word_1_92' title='bbox 1542 1401 1780 1464; x_wconf 90' lang='lat' dir='ltr'><strong><em>parens</em></strong></span> <span class='ocrx_word' id='word_1_93' title='bbox 1824 1382 2102 1446; x_wconf 88' lang='lat' dir='ltr'><strong><em>omnium</em></strong></span> <span class='ocrx_word' id='word_1_94' title='bbox 2146 1383 2419 1464; x_wconf 84' lang='lat' dir='ltr'><strong><em>populus</em></strong></span> <span class='ocrx_word' id='word_1_95' title='bbox 2470 1383 2761 1448; x_wconf 82' lang='lat' dir='ltr'><strong><em>vacantia</em></strong></span> <span class='ocrx_word' id='word_1_96' title='bbox 2806 1387 3056 1447; x_wconf 87' lang='lat' dir='ltr'><strong><em>teneret.</em></strong></span> 
     </span>
     <span class='ocr_line' id='line_1_12' title="bbox 595 1487 3059 1573; baseline -0 -19"><span class='ocrx_word' id='word_1_97' title='bbox 595 1489 710 1573; x_wconf 93' lang='lat' dir='ltr'><strong><em>IV,</em></strong></span> <span class='ocrx_word' id='word_1_98' title='bbox 755 1489 796 1554; x_wconf 88' lang='lat'><strong>3</strong></span> <span class='ocrx_word' id='word_1_99' title='bbox 841 1495 913 1553; x_wconf 92' lang='lat' dir='ltr'><strong><em>ut</em></strong></span> <span class='ocrx_word' id='word_1_100' title='bbox 942 1509 1065 1570; x_wconf 88' lang='lat' dir='ltr'><strong><em>pro</em></strong></span> <span class='ocrx_word' id='word_1_101' title='bbox 1100 1487 1366 1554; x_wconf 78' lang='lat' dir='ltr'><strong><em>honestis</em></strong></span> <span class='ocrx_word' id='word_1_102' title='bbox 1400 1494 1459 1554; x_wconf 91' lang='lat' dir='ltr'><strong><em>et</em></strong></span> <span class='ocrx_word' id='word_1_103' title='bbox 1491 1489 1917 1571; x_wconf 86' lang='lat' dir='ltr'><strong><em>praesentibus</em></strong></span> <span class='ocrx_word' id='word_1_104' title='bbox 1950 1490 2265 1572; x_wconf 72' lang='lat' dir='ltr'><strong><em>flaqitiosa</em></strong></span> <span class='ocrx_word' id='word_1_105' title='bbox 2299 1494 2357 1554; x_wconf 90' lang='lat' dir='ltr'><strong><em>et</em></strong></span> <span class='ocrx_word' id='word_1_106' title='bbox 2394 1490 2629 1554; x_wconf 88' lang='lat' dir='ltr'><strong><em>incerta</em></strong></span> <span class='ocrx_word' id='word_1_107' title='bbox 2662 1494 3059 1572; x_wconf 68' lang='lat' dir='ltr'><strong><em>exspectaret.</em></strong></span> 
     </span>
     <span class='ocr_line' id='line_1_13' title="bbox 596 1592 3059 1680; baseline 0 -20"><span class='ocrx_word' id='word_1_108' title='bbox 596 1594 718 1680; x_wconf 92' lang='lat' dir='ltr'><strong><em>VI,</em></strong></span> <span class='ocrx_word' id='word_1_109' title='bbox 765 1596 850 1660; x_wconf 85' lang='lat'>48</span> <span class='ocrx_word' id='word_1_110' title='bbox 915 1597 1264 1660; x_wconf 89' lang='lat' dir='ltr'><strong><em>documento</em></strong></span> <span class='ocrx_word' id='word_1_111' title='bbox 1327 1596 1639 1677; x_wconf 79' lang='lat' dir='ltr'><strong><em>sequentia</em></strong></span> <span class='ocrx_word' id='word_1_112' title='bbox 1702 1599 1896 1659; x_wconf 89' lang='lat' dir='ltr'><strong><em>erunt.</em></strong></span> <span class='ocrx_word' id='word_1_113' title='bbox 1987 1592 2142 1678; x_wconf 88' lang='lat' dir='ltr'>XII,</span> <span class='ocrx_word' id='word_1_114' title='bbox 2189 1595 2271 1659; x_wconf 88' lang='lat'><strong><em>69</em></strong></span> <span class='ocrx_word' id='word_1_115' title='bbox 2336 1597 2733 1678; x_wconf 74' lang='lat' dir='ltr'><strong><em>conyruentia</em></strong></span> <span class='ocrx_word' id='word_1_116' title='bbox 2792 1599 3059 1677; x_wconf 88' lang='lat' dir='ltr'><strong><em>tempori</em></strong></span> 
     </span>
     <span class='ocr_line' id='line_1_14' title="bbox 586 1700 3057 1785; baseline 0 -19"><span class='ocrx_word' id='word_1_117' title='bbox 586 1702 930 1785; x_wconf 81' lang='lat' dir='ltr'><strong><em>praefatus.</em></strong></span> <span class='ocrx_word' id='word_1_118' title='bbox 1012 1700 1154 1784; x_wconf 87' lang='lat' dir='ltr'><strong><em>XV,</em></strong></span> <span class='ocrx_word' id='word_1_119' title='bbox 1210 1701 1296 1766; x_wconf 88' lang='lat'>54</span> <span class='ocrx_word' id='word_1_120' title='bbox 1357 1702 1623 1782; x_wconf 87' lang='lat' dir='ltr'><strong><em>arreptis</em></strong></span> <span class='ocrx_word' id='word_1_121' title='bbox 1681 1701 2127 1782; x_wconf 79' lang='lat' dir='ltr'><strong><em>suspicionibus</em></strong></span> <span class='ocrx_word' id='word_1_122' title='bbox 2180 1751 2193 1765; x_wconf 90' lang='lat'><strong><em>.</em></strong></span> <span class='ocrx_word' id='word_1_123' title='bbox 2235 1751 2249 1768; x_wconf 91' lang='lat'><strong><em>.</em></strong></span> <span class='ocrx_word' id='word_1_124' title='bbox 2289 1753 2301 1766; x_wconf 94' lang='lat'><strong><em>.</em></strong></span> <span class='ocrx_word' id='word_1_125' title='bbox 2339 1751 2354 1767; x_wconf 91' lang='lat'><strong><em>.</em></strong></span> <span class='ocrx_word' id='word_1_126' title='bbox 2408 1704 2481 1767; x_wconf 91' lang='lat' dir='ltr'><strong><em>de</em></strong></span> <span class='ocrx_word' id='word_1_127' title='bbox 2536 1701 3057 1784; x_wconf 77' lang='lat' dir='ltr'><strong><em>consequentibus.</em></strong></span> 
     </span>
     <span class='ocr_line' id='line_1_15' title="bbox 595 1805 3057 1891; baseline -0.001 -16"><span class='ocrx_word' id='word_1_128' title='bbox 595 1810 746 1876; x_wconf 91' lang='lat' dir='ltr'><strong><em>hist.</em></strong></span> <span class='ocrx_word' id='word_1_129' title='bbox 792 1805 872 1891; x_wconf 92' lang='lat' dir='ltr'><strong><em>V,</em></strong></span> <span class='ocrx_word' id='word_1_130' title='bbox 924 1807 1007 1870; x_wconf 90' lang='lat'><strong><em>14</em></strong></span> <span class='ocrx_word' id='word_1_131' title='bbox 1051 1808 1356 1872; x_wconf 83' lang='lat' dir='ltr'><strong><em>revolutus</em></strong></span> <span class='ocrx_word' id='word_1_132' title='bbox 1401 1809 1608 1872; x_wconf 88' lang='lat' dir='ltr'><strong><em>amnis</em></strong></span> <span class='ocrx_word' id='word_1_133' title='bbox 1651 1807 2071 1872; x_wconf 85' lang='lat' dir='ltr'><strong><em>adiacentibus</em></strong></span> <span class='ocrx_word' id='word_1_134' title='bbox 2114 1809 2673 1890; x_wconf 83' lang='lat' dir='ltr'><strong><em>superfunderetur.</em></strong></span> <span class='ocrx_word' id='word_1_135' title='bbox 2738 1831 2777 1873; x_wconf 88' lang='lat' dir='ltr'><strong><em>a</em></strong></span> <span class='ocrx_word' id='word_1_136' title='bbox 2871 1859 2885 1872; x_wconf 92' lang='lat'><strong><em>.</em></strong></span> <span class='ocrx_word' id='word_1_137' title='bbox 2930 1808 3057 1891; x_wconf 90' lang='lat' dir='ltr'>III,</span> 
     </span>
     <span class='ocr_line' id='line_1_16' title="bbox 597 1831 3054 1998; baseline 0 -18"><span class='ocrx_word' id='word_1_138' title='bbox 597 1915 682 1980; x_wconf 89' lang='lat'><strong><em>38</em></strong></span> <span class='ocrx_word' id='word_1_139' title='bbox 740 1933 899 1997; x_wconf 89' lang='lat' dir='ltr'><strong><em>pars</em></strong></span> <span class='ocrx_word' id='word_1_140' title='bbox 962 1912 1169 1977; x_wconf 83' lang='lat' dir='ltr'><strong><em>turbat</em></strong></span> <span class='ocrx_word' id='word_1_141' title='bbox 1216 1914 1567 1995; x_wconf 87' lang='lat' dir='ltr'><strong><em>praesentia</em></strong></span> <span class='ocrx_word' id='word_1_142' title='bbox 1619 1912 1737 1978; x_wconf 88' lang='lat' dir='ltr'><strong><em>alii</em></strong></span> <span class='ocrx_word' id='word_1_143' title='bbox 1791 1917 2055 1978; x_wconf 84' lang='lat' dir='ltr'><strong><em>montem</em></strong></span> <span class='ocrx_word' id='word_1_144' title='bbox 2107 1914 2426 1981; x_wconf 90' lang='lat' dir='ltr'><strong><em>Haemum</em></strong></span> <span class='ocrx_word' id='word_1_145' title='bbox 2490 1831 3054 1998; x_wconf 42' lang='lat' dir='ltr'><strong><em>transyreffimtur.</em></strong></span> 
     </span>
     <span class='ocr_line' id='line_1_17' title="bbox 594 2018 3059 2106; baseline -0 -20"><span class='ocrx_word' id='word_1_146' title='bbox 594 2021 722 2106; x_wconf 92' lang='lat' dir='ltr'>III,</span> <span class='ocrx_word' id='word_1_147' title='bbox 765 2020 853 2084; x_wconf 88' lang='lat'><strong><em>44</em></strong></span> <span class='ocrx_word' id='word_1_148' title='bbox 907 2018 1091 2084; x_wconf 88' lang='lat' dir='ltr'><strong><em>multi</em></strong></span> <span class='ocrx_word' id='word_1_149' title='bbox 1144 2020 1282 2085; x_wconf 89' lang='lat' dir='ltr'><strong><em>odio</em></strong></span> <span class='ocrx_word' id='word_1_150' title='bbox 1329 2020 1753 2100; x_wconf 87' lang='lat' dir='ltr'><strong><em>praesentium</em></strong></span> <span class='ocrx_word' id='word_1_151' title='bbox 1799 2024 1857 2083; x_wconf 90' lang='lat' dir='ltr'><strong><em>et</em></strong></span> <span class='ocrx_word' id='word_1_152' title='bbox 1900 2020 2185 2101; x_wconf 85' lang='lat' dir='ltr'><strong><em>cupidine</em></strong></span> <span class='ocrx_word' id='word_1_153' title='bbox 2237 2022 2599 2087; x_wconf 87' lang='lat' dir='ltr'><strong><em>mutationis</em></strong></span> <span class='ocrx_word' id='word_1_154' title='bbox 2640 2023 2773 2086; x_wconf 92' lang='lat' dir='ltr'><strong><em>suis</em></strong></span> <span class='ocrx_word' id='word_1_155' title='bbox 2817 2043 3059 2103; x_wconf 77' lang='lat' dir='ltr'><strong><em>quoque</em></strong></span> 
     </span>
     <span class='ocr_line' id='line_1_18' title="bbox 589 2125 3053 2211; baseline -0 -19"><span class='ocrx_word' id='word_1_156' title='bbox 589 2125 886 2211; x_wconf 84' lang='lat' dir='ltr'><strong><em>periculis</em></strong></span> <span class='ocrx_word' id='word_1_157' title='bbox 923 2125 1328 2191; x_wconf 84' lang='lat' dir='ltr'><strong><em>laetabantur.</em></strong></span> <span class='ocrx_word' id='word_1_158' title='bbox 1383 2125 1505 2210; x_wconf 93' lang='lat' dir='ltr'>III,</span> <span class='ocrx_word' id='word_1_159' title='bbox 1539 2126 1623 2191; x_wconf 82' lang='lat'>47</span> <span class='ocrx_word' id='word_1_160' title='bbox 1674 2126 1911 2190; x_wconf 87' lang='lat' dir='ltr'><strong><em>iturum</em></strong></span> <span class='ocrx_word' id='word_1_161' title='bbox 1948 2131 2020 2190; x_wconf 93' lang='lat' dir='ltr'><strong><em>ut</em></strong></span> <span class='ocrx_word' id='word_1_162' title='bbox 2054 2129 2409 2208; x_wconf 85' lang='lat' dir='ltr'><strong><em>praesentia</em></strong></span> <span class='ocrx_word' id='word_1_163' title='bbox 2444 2132 2750 2210; x_wconf 83' lang='lat' dir='ltr'><strong><em>spectaret.</em></strong></span> <span class='ocrx_word' id='word_1_164' title='bbox 2809 2126 2925 2210; x_wconf 90' lang='lat' dir='ltr'><strong><em>IV,</em></strong></span> <span class='ocrx_word' id='word_1_165' title='bbox 2962 2128 3053 2191; x_wconf 89' lang='grc'><strong><em>69</em></strong></span> 
     </span>
     <span class='ocr_line' id='line_1_19' title="bbox 589 2231 3057 2317; baseline -0.001 -19"><span class='ocrx_word' id='word_1_166' title='bbox 589 2233 930 2316; x_wconf 87' lang='lat' dir='ltr'><strong><em>praeterita</em></strong></span> <span class='ocrx_word' id='word_1_167' title='bbox 975 2237 1032 2298; x_wconf 87' lang='lat' dir='ltr'><strong><em>et</em></strong></span> <span class='ocrx_word' id='word_1_168' title='bbox 1074 2233 1380 2298; x_wconf 90' lang='lat' dir='ltr'><strong><em>instantia</em></strong></span> <span class='ocrx_word' id='word_1_169' title='bbox 1423 2233 1712 2298; x_wconf 80' lang='lat' dir='ltr'><strong><em>cumulat.</em></strong></span> <span class='ocrx_word' id='word_1_170' title='bbox 1778 2231 1861 2317; x_wconf 92' lang='lat' dir='ltr'><strong><em>V,</em></strong></span> <span class='ocrx_word' id='word_1_171' title='bbox 1905 2233 1949 2297; x_wconf 88' lang='lat'>4</span> <span class='ocrx_word' id='word_1_172' title='bbox 1994 2235 2145 2298; x_wconf 91' lang='lat' dir='ltr'><strong><em>dum</em></strong></span> <span class='ocrx_word' id='word_1_173' title='bbox 2188 2235 2647 2299; x_wconf 88' lang='lat' dir='ltr'><strong><em>imminentium</em></strong></span> <span class='ocrx_word' id='word_1_174' title='bbox 2691 2234 2913 2298; x_wconf 89' lang='lat' dir='ltr'><strong><em>oblitus</em></strong></span> <span class='ocrx_word' id='word_1_175' title='bbox 2955 2234 3057 2296; x_wconf 90' lang='lat' dir='ltr'><strong><em>in-</em></strong></span> 
     </span>
     <span class='ocr_line' id='line_1_20' title="bbox 598 2337 3055 2424; baseline -0.001 -18"><span class='ocrx_word' id='word_1_176' title='bbox 598 2345 762 2406; x_wconf 88' lang='lat' dir='ltr'><strong><em>certa</em></strong></span> <span class='ocrx_word' id='word_1_177' title='bbox 790 2344 986 2422; x_wconf 86' lang='lat' dir='ltr'><strong><em>pavet.</em></strong></span> <span class='ocrx_word' id='word_1_178' title='bbox 1043 2337 1123 2422; x_wconf 93' lang='lat' dir='ltr'><strong><em>V,</em></strong></span> <span class='ocrx_word' id='word_1_179' title='bbox 1159 2340 1200 2404; x_wconf 95' lang='lat'>9</span> <span class='ocrx_word' id='word_1_180' title='bbox 1235 2340 1410 2421; x_wconf 75' lang='lat' dir='ltr'><strong><em>silius</em></strong></span> <span class='ocrx_word' id='word_1_181' title='bbox 1444 2339 1903 2404; x_wconf 89' lang='lat' dir='ltr'><strong><em>imminentium</em></strong></span> <span class='ocrx_word' id='word_1_182' title='bbox 1938 2340 2303 2423; x_wconf 70' lang='lat' dir='ltr'><strong><em>intelleyens.</em></strong></span> <span class='ocrx_word' id='word_1_183' title='bbox 2362 2338 2476 2424; x_wconf 93' lang='lat' dir='ltr'><strong><em>VI,</em></strong></span> <span class='ocrx_word' id='word_1_184' title='bbox 2511 2340 2599 2406; x_wconf 87' lang='lat'><strong><em>46</em></strong></span> <span class='ocrx_word' id='word_1_185' title='bbox 2629 2341 2845 2422; x_wconf 70' lang='lat' dir='ltr'><strong><em>qratia</em></strong></span> <span class='ocrx_word' id='word_1_186' title='bbox 2866 2361 3055 2422; x_wconf 87' lang='lat' dir='ltr'><strong><em>prae-</em></strong></span> 
     </span>
     <span class='ocr_line' id='line_1_21' title="bbox 598 2444 3056 2529; baseline -0.001 -17"><span class='ocrx_word' id='word_1_187' title='bbox 598 2448 862 2513; x_wconf 87' lang='lat' dir='ltr'><strong><em>sentium</em></strong></span> <span class='ocrx_word' id='word_1_188' title='bbox 923 2467 1112 2529; x_wconf 79' lang='lat' dir='ltr'><strong><em>quam</em></strong></span> <span class='ocrx_word' id='word_1_189' title='bbox 1173 2447 1244 2510; x_wconf 91' lang='lat' dir='ltr'><strong><em>in</em></strong></span> <span class='ocrx_word' id='word_1_190' title='bbox 1296 2451 1570 2529; x_wconf 88' lang='lat' dir='ltr'><strong><em>posteros</em></strong></span> <span class='ocrx_word' id='word_1_191' title='bbox 1633 2445 1905 2512; x_wconf 79' lang='lat' dir='ltr'><strong><em>ambitio,</em></strong></span> <span class='ocrx_word' id='word_1_192' title='bbox 1987 2444 2131 2529; x_wconf 89' lang='lat' dir='ltr'><strong><em>XV,</em></strong></span> <span class='ocrx_word' id='word_1_193' title='bbox 2194 2447 2234 2510; x_wconf 88' lang='lat'>9</span> <span class='ocrx_word' id='word_1_194' title='bbox 2301 2446 2532 2511; x_wconf 88' lang='lat' dir='ltr'><strong><em>Paetus</em></strong></span> <span class='ocrx_word' id='word_1_195' title='bbox 2592 2446 3056 2510; x_wconf 87' lang='lat' dir='ltr'><strong><em>imminentium</em></strong></span> 
     </span>
     <span class='ocr_line' id='line_1_22' title="bbox 598 2551 3053 2637; baseline -0.001 -18"><span class='ocrx_word' id='word_1_196' title='bbox 598 2554 853 2619; x_wconf 87' lang='lat' dir='ltr'><strong><em>nescius.</em></strong></span> <span class='ocrx_word' id='word_1_197' title='bbox 935 2551 1086 2616; x_wconf 73' lang='lat' dir='ltr'><strong><em>hist.</em></strong></span> <span class='ocrx_word' id='word_1_198' title='bbox 1131 2551 1260 2636; x_wconf 91' lang='lat' dir='ltr'>III,</span> <span class='ocrx_word' id='word_1_199' title='bbox 1304 2553 1390 2616; x_wconf 84' lang='lat'><strong><em>36</em></strong></span> <span class='ocrx_word' id='word_1_200' title='bbox 1445 2553 1809 2635; x_wconf 87' lang='lat' dir='ltr'><strong><em>praeterita,</em></strong></span> <span class='ocrx_word' id='word_1_201' title='bbox 1872 2553 2207 2637; x_wconf 87' lang='lat' dir='ltr'><strong><em>instantia,</em></strong></span> <span class='ocrx_word' id='word_1_202' title='bbox 2264 2553 2490 2633; x_wconf 79' lang='lat' dir='ltr'><strong><em>futwra</em></strong></span> <span class='ocrx_word' id='word_1_203' title='bbox 2540 2553 2695 2636; x_wconf 91' lang='lat' dir='ltr'><strong><em>pari</em></strong></span> <span class='ocrx_word' id='word_1_204' title='bbox 2757 2552 3053 2619; x_wconf 84' lang='lat' dir='ltr'><strong><em>oblivione</em></strong></span> 
     </span>
     <span class='ocr_line' id='line_1_23' title="bbox 600 2661 936 2725; baseline -0.006 0"><span class='ocrx_word' id='word_1_205' title='bbox 600 2661 936 2725; x_wconf 86' lang='lat' dir='ltr'><strong><em>dimiserat.</em></strong></span> 
     </span>
    </p>

    <p class='ocr_par' dir='ltr' id='par_1_3' title="bbox 602 2764 3052 3807">
     <span class='ocr_line' id='line_1_24' title="bbox 778 2764 3052 2843; baseline 0 -14"><span class='ocrx_word' id='word_1_206' title='bbox 778 2764 946 2829; x_wconf 83' lang='lat' dir='ltr'><strong><em>Eam</em></strong></span> <span class='ocrx_word' id='word_1_207' title='bbox 992 2768 1208 2829; x_wconf 85' lang='lat' dir='ltr'><strong><em>autem</em></strong></span> <span class='ocrx_word' id='word_1_208' title='bbox 1253 2764 1533 2830; x_wconf 86' lang='lat' dir='ltr'><strong><em>Tacitini</em></strong></span> <span class='ocrx_word' id='word_1_209' title='bbox 1581 2765 1894 2829; x_wconf 87' lang='lat' dir='ltr'><strong><em>sermonis</em></strong></span> <span class='ocrx_word' id='word_1_210' title='bbox 1940 2764 2010 2828; x_wconf 91' lang='lat' dir='ltr'><strong><em>in</em></strong></span> <span class='ocrx_word' id='word_1_211' title='bbox 2055 2764 2177 2829; x_wconf 86' lang='lat' dir='ltr'><strong><em>hac</em></strong></span> <span class='ocrx_word' id='word_1_212' title='bbox 2224 2786 2291 2829; x_wconf 91' lang='lat' dir='ltr'><strong><em>re</em></strong></span> <span class='ocrx_word' id='word_1_213' title='bbox 2338 2765 2717 2831; x_wconf 71' lang='lat' dir='ltr'><strong><em>facilitatem</em></strong></span> <span class='ocrx_word' id='word_1_214' title='bbox 2764 2786 2929 2843; x_wconf 89' lang='lat' dir='ltr'><strong><em>esse,</em></strong></span> <span class='ocrx_word' id='word_1_215' title='bbox 2974 2769 3052 2829; x_wconf 86' lang='lat' dir='ltr'><strong><em>ut</em></strong></span> 
     </span>
     <span class='ocr_line' id='line_1_25' title="bbox 604 2870 3045 2955; baseline -0.001 -18"><span class='ocrx_word' id='word_1_216' title='bbox 604 2892 828 2937; x_wconf 89' lang='lat' dir='ltr'><strong><em>omnes</em></strong></span> <span class='ocrx_word' id='word_1_217' title='bbox 903 2892 1089 2935; x_wconf 88' lang='lat' dir='ltr'><strong><em>casus</em></strong></span> <span class='ocrx_word' id='word_1_218' title='bbox 1157 2872 1238 2936; x_wconf 89' lang='lat' dir='ltr'><strong><em>ad</em></strong></span> <span class='ocrx_word' id='word_1_219' title='bbox 1310 2871 1492 2938; x_wconf 87' lang='lat' dir='ltr'><strong><em>illam</em></strong></span> <span class='ocrx_word' id='word_1_220' title='bbox 1557 2870 2154 2955; x_wconf 76' lang='lat' dir='ltr'><strong><em>accommodentur,</em></strong></span> <span class='ocrx_word' id='word_1_221' title='bbox 2228 2872 2524 2955; x_wconf 85' lang='lat' dir='ltr'><strong><em>inprimis</em></strong></span> <span class='ocrx_word' id='word_1_222' title='bbox 2597 2872 3045 2937; x_wconf 85' lang='lat' dir='ltr'><strong><em>demonstran-</em></strong></span> 
     </span>
     <span class='ocr_line' id='line_1_26' title="bbox 602 2977 3048 3063; baseline -0.001 -20"><span class='ocrx_word' id='word_1_223' title='bbox 602 2979 754 3043; x_wconf 90' lang='lat' dir='ltr'><strong><em>dum</em></strong></span> <span class='ocrx_word' id='word_1_224' title='bbox 811 2992 950 3043; x_wconf 84' lang='lat' dir='ltr'><strong><em>esse</em></strong></span> <span class='ocrx_word' id='word_1_225' title='bbox 1005 2978 1274 3044; x_wconf 87' lang='lat' dir='ltr'><strong><em>videtur.</em></strong></span> <span class='ocrx_word' id='word_1_226' title='bbox 1347 2981 1538 3063; x_wconf 87' lang='lat' dir='ltr'><strong><em>atque</em></strong></span> <span class='ocrx_word' id='word_1_227' title='bbox 1587 2978 1844 3043; x_wconf 88' lang='lat' dir='ltr'><strong><em>omissis</em></strong></span> <span class='ocrx_word' id='word_1_228' title='bbox 1889 2977 1995 3043; x_wconf 91' lang='lat' dir='ltr'><strong><em>hic</em></strong></span> <span class='ocrx_word' id='word_1_229' title='bbox 2039 2977 2377 3062; x_wconf 82' lang='lat' dir='ltr'><strong><em>perpaucis</em></strong></span> <span class='ocrx_word' id='word_1_230' title='bbox 2438 2977 2825 3061; x_wconf 87' lang='lat' dir='ltr'><strong><em>participiis,</em></strong></span> <span class='ocrx_word' id='word_1_231' title='bbox 2882 3000 3048 3061; x_wconf 88' lang='lat' dir='ltr'><strong><em>quae</em></strong></span> 
     </span>
     <span class='ocr_line' id='line_1_27' title="bbox 604 3084 3043 3169; baseline 0.001 -22"><span class='ocrx_word' id='word_1_232' title='bbox 604 3104 837 3169; x_wconf 87' lang='lat' dir='ltr'><strong><em>genere</em></strong></span> <span class='ocrx_word' id='word_1_233' title='bbox 891 3089 1119 3149; x_wconf 89' lang='lat' dir='ltr'><strong><em>neutro</em></strong></span> <span class='ocrx_word' id='word_1_234' title='bbox 1175 3088 1446 3150; x_wconf 87' lang='lat' dir='ltr'><strong><em>utuntur</em></strong></span> <span class='ocrx_word' id='word_1_235' title='bbox 1498 3085 1630 3149; x_wconf 89' lang='lat' dir='ltr'><strong><em>iam</em></strong></span> <span class='ocrx_word' id='word_1_236' title='bbox 1687 3084 2125 3169; x_wconf 75' lang='lat' dir='ltr'><strong><em>indagandum</em></strong></span> <span class='ocrx_word' id='word_1_237' title='bbox 2168 3085 2314 3163; x_wconf 85' lang='lat' dir='ltr'><strong><em>erit,</em></strong></span> <span class='ocrx_word' id='word_1_238' title='bbox 2374 3085 2585 3169; x_wconf 88' lang='lat' dir='ltr'><strong><em>qualis</em></strong></span> <span class='ocrx_word' id='word_1_239' title='bbox 2642 3088 2707 3148; x_wconf 88' lang='lat' dir='ltr'><strong><em>et</em></strong></span> <span class='ocrx_word' id='word_1_240' title='bbox 2762 3089 3043 3169; x_wconf 87' lang='lat' dir='ltr'><strong><em>quantus</em></strong></span> 
     </span>
     <span class='ocr_line' id='line_1_28' title="bbox 603 3190 3049 3276; baseline 0.001 -22"><span class='ocrx_word' id='word_1_241' title='bbox 603 3192 672 3254; x_wconf 90' lang='lat' dir='ltr'><strong><em>in</em></strong></span> <span class='ocrx_word' id='word_1_242' title='bbox 737 3191 992 3257; x_wconf 80' lang='lat' dir='ltr'><strong><em>casibus</em></strong></span> <span class='ocrx_word' id='word_1_243' title='bbox 1059 3192 1337 3276; x_wconf 80' lang='lat' dir='ltr'><strong><em>obliquis</em></strong></span> <span class='ocrx_word' id='word_1_244' title='bbox 1402 3214 1557 3256; x_wconf 89' lang='lat' dir='ltr'><strong><em>usus</em></strong></span> <span class='ocrx_word' id='word_1_245' title='bbox 1622 3192 1732 3254; x_wconf 91' lang='lat' dir='ltr'><strong><em>ille</em></strong></span> <span class='ocrx_word' id='word_1_246' title='bbox 1798 3190 1901 3255; x_wconf 86' lang='lat' dir='ltr'><strong><em>sit.</em></strong></span> <span class='ocrx_word' id='word_1_247' title='bbox 1986 3190 2077 3255; x_wconf 87' lang='lat' dir='ltr'><strong><em>sic</em></strong></span> <span class='ocrx_word' id='word_1_248' title='bbox 2132 3198 2415 3255; x_wconf 82' lang='lat' dir='ltr'><strong><em>ablativi</em></strong></span> <span class='ocrx_word' id='word_1_249' title='bbox 2458 3199 2817 3268; x_wconf 71' lang='lat' dir='ltr'><strong><em>singularis</em></strong></span> <span class='ocrx_word' id='word_1_250' title='bbox 2882 3193 3049 3276; x_wconf 89' lang='lat' dir='ltr'><strong><em>apud</em></strong></span> 
     </span>
     <span class='ocr_line' id='line_1_29' title="bbox 606 3295 3047 3382; baseline 0.001 -22"><span class='ocrx_word' id='word_1_251' title='bbox 606 3295 982 3361; x_wconf 82' lang='lat' dir='ltr'><strong><em>Sallustium</em></strong></span> <span class='ocrx_word' id='word_1_252' title='bbox 1031 3302 1097 3363; x_wconf 86' lang='lat' dir='ltr'><strong><em>et</em></strong></span> <span class='ocrx_word' id='word_1_253' title='bbox 1154 3298 1471 3363; x_wconf 89' lang='lat' dir='ltr'><strong><em>Velleium</em></strong></span> <span class='ocrx_word' id='word_1_254' title='bbox 1525 3296 1801 3379; x_wconf 90' lang='lat' dir='ltr'><strong><em>nullum,</em></strong></span> <span class='ocrx_word' id='word_1_255' title='bbox 1859 3295 2028 3379; x_wconf 88' lang='lat' dir='ltr'><strong><em>apud</em></strong></span> <span class='ocrx_word' id='word_1_256' title='bbox 2085 3296 2381 3361; x_wconf 85' lang='lat' dir='ltr'><strong><em>Tacitum</em></strong></span> <span class='ocrx_word' id='word_1_257' title='bbox 2435 3320 2636 3361; x_wconf 89' lang='lat' dir='ltr'><strong><em>unum</em></strong></span> <span class='ocrx_word' id='word_1_258' title='bbox 2690 3300 3047 3382; x_wconf 84' lang='lat' dir='ltr'><strong><em>exemplum</em></strong></span> 
     </span>
     <span class='ocr_line' id='line_1_30' title="bbox 604 3402 3047 3496; baseline 0.001 -29"><span class='ocrx_word' id='word_1_259' title='bbox 604 3404 995 3469; x_wconf 84' lang='lat' dir='ltr'><strong><em>invenimus:</em></strong></span> <span class='ocrx_word' id='word_1_260' title='bbox 1035 3428 1179 3469; x_wconf 85' lang='lat' dir='ltr'><strong><em>ann.</em></strong></span> <span class='ocrx_word' id='word_1_261' title='bbox 1199 3402 1375 3487; x_wconf 93' lang='lat' dir='ltr'>XIV,</span> <span class='ocrx_word' id='word_1_262' title='bbox 1396 3404 1478 3469; x_wconf 82' lang='lat'><strong><em>57</em></strong></span> <span class='ocrx_word' id='word_1_263' title='bbox 1509 3405 1618 3487; x_wconf 81' lang='lat' dir='ltr'><strong><em>qui</em></strong></span> <span class='ocrx_word' id='word_1_264' title='bbox 1642 3405 1793 3485; x_wconf 73' lang='lat' dir='ltr'><strong><em>finis</em></strong></span> <span class='ocrx_word' id='word_1_265' title='bbox 1818 3405 2096 3469; x_wconf 90' lang='lat' dir='ltr'><strong><em>omnium</em></strong></span> <span class='ocrx_word' id='word_1_266' title='bbox 2132 3426 2271 3471; x_wconf 89' lang='lat' dir='ltr'><strong><em>cum</em></strong></span> <span class='ocrx_word' id='word_1_267' title='bbox 2307 3405 2661 3496; x_wconf 88' lang='lat' dir='ltr'><strong><em>dominante</em></strong></span> <span class='ocrx_word' id='word_1_268' title='bbox 2686 3425 3047 3471; x_wconf 89' lang='lat' dir='ltr'><strong><em>sermonum.</em></strong></span> 
     </span>
     <span class='ocr_line' id='line_1_31' title="bbox 605 3509 3044 3595; baseline 0.002 -22"><span class='ocrx_word' id='word_1_269' title='bbox 605 3511 857 3574; x_wconf 86' lang='lat' dir='ltr'><strong><em>numeri</em></strong></span> <span class='ocrx_word' id='word_1_270' title='bbox 899 3511 1174 3595; x_wconf 88' lang='lat' dir='ltr'><strong><em>pluralis</em></strong></span> <span class='ocrx_word' id='word_1_271' title='bbox 1220 3511 1370 3575; x_wconf 86' lang='lat' dir='ltr'><strong><em>tria:</em></strong></span> <span class='ocrx_word' id='word_1_272' title='bbox 1428 3510 1578 3575; x_wconf 87' lang='lat' dir='ltr'><strong><em>hist.</em></strong></span> <span class='ocrx_word' id='word_1_273' title='bbox 1624 3509 1686 3595; x_wconf 95' lang='lat' dir='ltr'><strong><em>I,</em></strong></span> <span class='ocrx_word' id='word_1_274' title='bbox 1735 3510 1816 3574; x_wconf 84' lang='lat'><strong><em>16</em></strong></span> <span class='ocrx_word' id='word_1_275' title='bbox 1862 3531 1975 3575; x_wconf 90' lang='lat' dir='ltr'><strong><em>nos</em></strong></span> <span class='ocrx_word' id='word_1_276' title='bbox 2020 3511 2167 3577; x_wconf 83' lang='lat' dir='ltr'><strong><em>bello</em></strong></span> <span class='ocrx_word' id='word_1_277' title='bbox 2214 3516 2272 3577; x_wconf 90' lang='lat' dir='ltr'><strong><em>et</em></strong></span> <span class='ocrx_word' id='word_1_278' title='bbox 2313 3511 2391 3575; x_wconf 90' lang='lat' dir='ltr'><strong><em>ab</em></strong></span> <span class='ocrx_word' id='word_1_279' title='bbox 2436 3511 2900 3577; x_wconf 83' lang='lat' dir='ltr'><strong><em>aestimantibus</em></strong></span> <span class='ocrx_word' id='word_1_280' title='bbox 2941 3514 3044 3578; x_wconf 82' lang='lat' dir='ltr'><strong><em>ad-</em></strong></span> 
     </span>
     <span class='ocr_line' id='line_1_32' title="bbox 604 3616 3045 3701; baseline 0.002 -22"><span class='ocrx_word' id='word_1_281' title='bbox 604 3617 741 3680; x_wconf 86' lang='lat' dir='ltr'><strong><em>sciti</em></strong></span> <span class='ocrx_word' id='word_1_282' title='bbox 783 3636 923 3681; x_wconf 83' lang='lat' dir='ltr'><strong><em>cum</em></strong></span> <span class='ocrx_word' id='word_1_283' title='bbox 976 3618 1220 3683; x_wconf 85' lang='lat' dir='ltr'><strong><em>invidia</em></strong></span> <span class='ocrx_word' id='word_1_284' title='bbox 1262 3619 1544 3699; x_wconf 76' lang='lat' dir='ltr'><strong><em>quamvis</em></strong></span> <span class='ocrx_word' id='word_1_285' title='bbox 1587 3618 1809 3700; x_wconf 70' lang='lat' dir='ltr'><strong><em>eqreyii</em></strong></span> <span class='ocrx_word' id='word_1_286' title='bbox 1864 3618 2109 3683; x_wconf 84' lang='lat' dir='ltr'><strong><em>erimus.</em></strong></span> <span class='ocrx_word' id='word_1_287' title='bbox 2182 3616 2241 3701; x_wconf 92' lang='lat' dir='ltr'><strong><em>I,</em></strong></span> <span class='ocrx_word' id='word_1_288' title='bbox 2286 3618 2376 3682; x_wconf 90' lang='lat'>45</span> <span class='ocrx_word' id='word_1_289' title='bbox 2428 3622 2657 3681; x_wconf 86' lang='lat' dir='ltr'><strong><em>certare</em></strong></span> <span class='ocrx_word' id='word_1_290' title='bbox 2701 3638 2839 3683; x_wconf 88' lang='lat' dir='ltr'><strong><em>cum</em></strong></span> <span class='ocrx_word' id='word_1_291' title='bbox 2870 3639 3045 3700; x_wconf 88' lang='lat' dir='ltr'><strong><em>prae-</em></strong></span> 
     </span>
     <span class='ocr_line' id='line_1_33' title="bbox 605 3721 2733 3807; baseline 0.001 -21"><span class='ocrx_word' id='word_1_292' title='bbox 605 3722 1001 3787; x_wconf 85' lang='lat' dir='ltr'><strong><em>currentibus.</em></strong></span> <span class='ocrx_word' id='word_1_293' title='bbox 1048 3721 1168 3807; x_wconf 93' lang='lat' dir='ltr'>III,</span> <span class='ocrx_word' id='word_1_294' title='bbox 1214 3724 1297 3788; x_wconf 84' lang='lat'><strong><em>28</em></strong></span> <span class='ocrx_word' id='word_1_295' title='bbox 1344 3724 1664 3789; x_wconf 88' lang='lat' dir='ltr'><strong><em>semineces</em></strong></span> <span class='ocrx_word' id='word_1_296' title='bbox 1708 3742 1846 3786; x_wconf 88' lang='lat' dir='ltr'><strong><em>cum</em></strong></span> <span class='ocrx_word' id='word_1_297' title='bbox 1893 3724 2349 3805; x_wconf 80' lang='lat' dir='ltr'><strong><em>exspirantibus</em></strong></span> <span class='ocrx_word' id='word_1_298' title='bbox 2391 3724 2733 3789; x_wconf 78' lang='lat' dir='ltr'><strong><em>volvuntur.</em></strong></span> 
     </span>
    </p>
   </div>
   <div class='ocr_carea' id='block_1_3' title="bbox 606 3826 3043 4019">
    <p class='ocr_par' dir='ltr' id='par_1_4' title="bbox 606 3826 3043 4019">
     <span class='ocr_line' id='line_1_34' title="bbox 781 3826 3043 3917; baseline 0.002 -24"><span class='ocrx_word' id='word_1_299' title='bbox 781 3828 1002 3894; x_wconf 87' lang='lat' dir='ltr'><strong><em>Etiam</em></strong></span> <span class='ocrx_word' id='word_1_300' title='bbox 1033 3826 1363 3895; x_wconf 86' lang='lat' dir='ltr'><strong><em>Ciceronis</em></strong></span> <span class='ocrx_word' id='word_1_301' title='bbox 1401 3829 1695 3912; x_wconf 87' lang='lat' dir='ltr'><strong><em>exempla</em></strong></span> <span class='ocrx_word' id='word_1_302' title='bbox 1724 3828 2066 3893; x_wconf 87' lang='lat' dir='ltr'><strong><em>admodum</em></strong></span> <span class='ocrx_word' id='word_1_303' title='bbox 2102 3852 2313 3914; x_wconf 89' lang='lat' dir='ltr'><strong><em>pauca</em></strong></span> <span class='ocrx_word' id='word_1_304' title='bbox 2349 3852 2490 3897; x_wconf 90' lang='lat' dir='ltr'><strong><em>esse</em></strong></span> <span class='ocrx_word' id='word_1_305' title='bbox 2528 3831 2713 3897; x_wconf 86' lang='lat' dir='ltr'><strong><em>docet</em></strong></span> <span class='ocrx_word' id='word_1_306' title='bbox 2741 3830 3043 3917; x_wconf 84' lang='lat' dir='ltr'><strong><em>Naegels-</em></strong></span> 
     </span>
     <span class='ocr_line' id='line_1_35' title="bbox 606 3931 2415 4019; baseline 0.004 -21"><span class='ocrx_word' id='word_1_307' title='bbox 606 3934 791 4001; x_wconf 88' lang='lat' dir='ltr'><strong><em>bach.</em></strong></span> <span class='ocrx_word' id='word_1_308' title='bbox 812 3931 862 4019; x_wconf 88' lang='grc'><strong><em>1)</em></strong></span> <span class='ocrx_word' id='word_1_309' title='bbox 2406 3932 2415 3941; x_wconf 65' lang='grc'><em>’</em></span> 
     </span>
    </p>
   </div>
   <div class='ocr_carea' id='block_1_4' title="bbox 607 4062 3041 4466">
    <p class='ocr_par' dir='ltr' id='par_1_5' title="bbox 607 4062 3041 4466">
     <span class='ocr_line' id='line_1_36' title="bbox 782 4062 3041 4146; baseline 0.001 -21"><span class='ocrx_word' id='word_1_310' title='bbox 782 4069 1172 4125; x_wconf 77' lang='lat' dir='ltr'><strong><em>Accusativi</em></strong></span> <span class='ocrx_word' id='word_1_311' title='bbox 1212 4070 1498 4141; x_wconf 80' lang='lat' dir='ltr'><strong><em>pluralis</em></strong></span> <span class='ocrx_word' id='word_1_312' title='bbox 1551 4062 1874 4146; x_wconf 87' lang='lat' dir='ltr'><strong><em>permulta</em></strong></span> <span class='ocrx_word' id='word_1_313' title='bbox 1921 4066 2073 4126; x_wconf 91' lang='lat' dir='ltr'><strong><em>sunt</em></strong></span> <span class='ocrx_word' id='word_1_314' title='bbox 2119 4064 2413 4146; x_wconf 84' lang='lat' dir='ltr'><strong><em>exempla</em></strong></span> <span class='ocrx_word' id='word_1_315' title='bbox 2458 4062 2694 4146; x_wconf 85' lang='lat' dir='ltr'><strong><em>Taciti,</em></strong></span> <span class='ocrx_word' id='word_1_316' title='bbox 2740 4065 3041 4128; x_wconf 87' lang='lat' dir='ltr'><strong><em>nonnulla</em></strong></span> 
     </span>
     <span class='ocr_line' id='line_1_37' title="bbox 608 4163 3041 4253; baseline 0.002 -24"><span class='ocrx_word' id='word_1_317' title='bbox 608 4163 900 4229; x_wconf 84' lang='lat' dir='ltr'><strong><em>Sallustii</em></strong></span> <span class='ocrx_word' id='word_1_318' title='bbox 948 4168 1013 4230; x_wconf 86' lang='lat' dir='ltr'><strong><em>et</em></strong></span> <span class='ocrx_word' id='word_1_319' title='bbox 1053 4164 1278 4253; x_wconf 91' lang='lat' dir='ltr'><strong><em>Vellei,</em></strong></span> <span class='ocrx_word' id='word_1_320' title='bbox 1326 4168 1493 4233; x_wconf 86' lang='lat' dir='ltr'><strong><em>sicut</em></strong></span> <span class='ocrx_word' id='word_1_321' title='bbox 1537 4169 1687 4233; x_wconf 85' lang='lat' dir='ltr'><strong><em>Tac.</em></strong></span> <span class='ocrx_word' id='word_1_322' title='bbox 1726 4191 1871 4233; x_wconf 89' lang='lat' dir='ltr'><strong><em>ann.</em></strong></span> <span class='ocrx_word' id='word_1_323' title='bbox 1908 4167 2085 4253; x_wconf 88' lang='lat' dir='ltr'>XIV,</span> <span class='ocrx_word' id='word_1_324' title='bbox 2125 4170 2209 4233; x_wconf 89' lang='lat'><strong><em>33</em></strong></span> <span class='ocrx_word' id='word_1_325' title='bbox 2254 4190 2445 4251; x_wconf 78' lang='lat' dir='ltr'><strong><em>neque</em></strong></span> <span class='ocrx_word' id='word_1_326' title='bbox 2486 4170 2635 4249; x_wconf 78' lang='lat' dir='ltr'><strong><em>fletu</em></strong></span> <span class='ocrx_word' id='word_1_327' title='bbox 2678 4175 2736 4233; x_wconf 91' lang='lat' dir='ltr'><strong><em>et</em></strong></span> <span class='ocrx_word' id='word_1_328' title='bbox 2778 4170 3041 4235; x_wconf 79' lang='lat' dir='ltr'><strong><em>lacrimis</em></strong></span> 
     </span>
     <span class='ocr_line' id='line_1_38' title="bbox 608 4271 3041 4357; baseline 0.002 -23"><span class='ocrx_word' id='word_1_329' title='bbox 608 4271 925 4335; x_wconf 76' lang='lat' dir='ltr'><strong><em>auxilium</em></strong></span> <span class='ocrx_word' id='word_1_330' title='bbox 968 4274 1098 4339; x_wconf 90' lang='lat' dir='ltr'><strong><em>eius</em></strong></span> <span class='ocrx_word' id='word_1_331' title='bbox 1141 4276 1456 4340; x_wconf 82' lang='lat' dir='ltr'><strong><em>orantium</em></strong></span> <span class='ocrx_word' id='word_1_332' title='bbox 1497 4276 1696 4356; x_wconf 79' lang='lat' dir='ltr'><strong><em>flexus</em></strong></span> <span class='ocrx_word' id='word_1_333' title='bbox 1731 4280 1832 4353; x_wconf 89' lang='lat' dir='ltr'><strong><em>est,</em></strong></span> <span class='ocrx_word' id='word_1_334' title='bbox 1877 4277 2030 4357; x_wconf 77' lang='lat' dir='ltr'><strong><em>quin</em></strong></span> <span class='ocrx_word' id='word_1_335' title='bbox 2066 4277 2242 4340; x_wconf 86' lang='lat' dir='ltr'><strong><em>daret</em></strong></span> <span class='ocrx_word' id='word_1_336' title='bbox 2271 4275 2672 4357; x_wconf 78' lang='lat' dir='ltr'><strong><em>profectionis</em></strong></span> <span class='ocrx_word' id='word_1_337' title='bbox 2713 4276 2957 4357; x_wconf 72' lang='lat' dir='ltr'><strong><em>siynum</em></strong></span> <span class='ocrx_word' id='word_1_338' title='bbox 2987 4281 3041 4339; x_wconf 90' lang='lat' dir='ltr'><strong><em>et</em></strong></span> 
     </span>
     <span class='ocr_line' id='line_1_39' title="bbox 607 4359 3040 4466; baseline 0.002 -25"><span class='ocrx_word' id='word_1_339' title='bbox 607 4379 960 4444; x_wconf 65' lang='lat' dir='ltr'><strong><em>comitantes</em></strong></span> <span class='ocrx_word' id='word_1_340' title='bbox 1013 4381 1084 4445; x_wconf 64' lang='lat' dir='ltr'><strong><em>in</em></strong></span> <span class='ocrx_word' id='word_1_341' title='bbox 1130 4387 1374 4463; x_wconf 74' lang='lat' dir='ltr'><strong><em>partem</em></strong></span> <span class='ocrx_word' id='word_1_342' title='bbox 1429 4359 1699 4463; x_wconf 55' lang='lat' dir='ltr'><strong><em>aymus</em></strong></span> <span class='ocrx_word' id='word_1_343' title='bbox 1752 4382 2056 4463; x_wconf 62' lang='lat' dir='ltr'><strong><em>acciperet.</em></strong></span> <span class='ocrx_word' id='word_1_344' title='bbox 2138 4379 2321 4465; x_wconf 85' lang='lat' dir='ltr'>XVI,</span> <span class='ocrx_word' id='word_1_345' title='bbox 2371 4382 2453 4445; x_wconf 87' lang='lat'><strong><em>16</em></strong></span> <span class='ocrx_word' id='word_1_346' title='bbox 2507 4382 2739 4446; x_wconf 63' lang='lat' dir='ltr'><strong><em>oderim</em></strong></span> <span class='ocrx_word' id='word_1_347' title='bbox 2794 4366 3040 4466; x_wconf 74' lang='lat' dir='ltr'><strong><em>seyn&#39;iter</em></strong></span> 
     </span>
    </p>
   </div>
   <div class='ocr_carea' id='block_1_5' title="bbox 607 4522 1032 4533">
    <p class='ocr_par' dir='ltr' id='par_1_6' title="bbox 607 4522 1032 4533">
     <span class='ocr_line' id='line_1_40' title="bbox 607 4522 1032 4533; baseline 0 702"><span class='ocrx_word' id='word_1_348' title='bbox 607 4522 1032 4533; x_wconf 95' lang='lat' dir='ltr'><strong><em> </em></strong></span> 
     </span>
    </p>
   </div>
   <div class='ocr_carea' id='block_1_6' title="bbox 754 4589 1347 4661">
    <p class='ocr_par' dir='ltr' id='par_1_7' title="bbox 754 4589 1347 4661">
     <span class='ocr_line' id='line_1_41' title="bbox 754 4589 1347 4661; baseline 0.005 -18"><span class='ocrx_word' id='word_1_349' title='bbox 754 4592 806 4659; x_wconf 80' lang='grc' dir='ltr'><strong><em>ι)</em></strong></span> <span class='ocrx_word' id='word_1_350' title='bbox 842 4589 963 4646; x_wconf 75' lang='lat' dir='ltr'><strong><em>Lat.</em></strong></span> <span class='ocrx_word' id='word_1_351' title='bbox 1003 4590 1124 4645; x_wconf 76' lang='lat' dir='ltr'><strong><em>sffl.</em></strong></span> <span class='ocrx_word' id='word_1_352' title='bbox 1168 4610 1223 4661; x_wconf 82' lang='lat' dir='ltr'><strong><em>p.</em></strong></span> <span class='ocrx_word' id='word_1_353' title='bbox 1263 4597 1347 4646; x_wconf 86' lang='lat'><strong><em>90.</em></strong></span> 
     </span>
    </p>
   </div>
   <div class='ocr_carea' id='block_1_7' title="bbox 3253 3892 3263 5197">
    <p class='ocr_par' dir='ltr' id='par_1_8' title="bbox 3253 3892 3263 5197">
     <span class='ocr_line' id='line_1_42' title="bbox 3253 3892 3263 5197; baseline 0 0"><span class='ocrx_word' id='word_1_354' title='bbox 3253 3892 3263 5197; x_wconf 95' lang='lat' dir='ltr'><strong><em> </em></strong></span> 
     </span>
    </p>
   </div>
  </div>
 </body>
</html>
