3303 5235
1073 261 1156 314 De
1192 259 1480 330 participii
1513 261 1717 314 natura
1752 258 2037 314 nominali.
2653 239 2774 325 &9

317 426 478 490 tium
503 424 794 488 iuvenum
823 423 1084 489 obstaret
1118 424 1320 488 initiis
1346 423 1741 488 dissimulata
1768 442 1956 488 causa
1982 424 2227 490 consilii
2250 425 2353 489 sui
2378 430 2776 490 commeatum

322 532 403 596 ab
421 551 614 595 socero
633 535 815 611 atque
833 531 1034 596 eodem
1052 530 1265 594 vitrico
1292 530 1718 611 adquiescendi
1742 551 1785 593 a
1803 531 2257 596 continuatione
2283 532 2563 597 laborum
2577 533 2776 615 petiit.

503 634 573 721 3)
621 635 777 701 Vis.
845 636 991 700 Tae.
1031 659 1174 700 ann.
1214 635 1339 720 III,
1380 637 1464 700 70
1509 657 1635 702 non
1670 637 1835 701 enim
1872 637 2075 702 debere
2119 639 2280 720 eri'pi
2312 639 2605 720 patribus
2646 641 2774 704 vim

321 744 646 809 statuendi.
747 741 891 827 XV,
937 743 1025 807 34
1079 743 1142 807 vi
1197 743 1468 807 nocendi.
1560 740 1727 807 Vell.
1775 741 1865 826 II,
1917 743 2041 809 108
2099 744 2227 808 vim
2292 765 2365 808 ac
2414 749 2775 828 potestatem

323 850 662 916 resistendi.

465 1043 532 1110 F.
594 1042 748 1108 Alia
792 1044 1053 1110 exstant
1098 1043 1538 1119 substantiva,
1589 1060 1751 1124 quae
1798 1061 1937 1110 eum
1983 1044 2285 1128 genetivo
2333 1044 2633 1129 gerundii

1291 1150 1795 1233 coniunguntur,

317 1300 452 1343 non
499 1280 574 1342 ut
612 1275 953 1360 designent
988 1297 1131 1339 eam
1168 1297 1332 1360 rem,
1379 1276 1459 1340 ad
1498 1297 1691 1360 quam
1732 1275 1899 1341 aetio
1937 1276 2245 1361 pertinet,
2294 1277 2402 1342 sed
2449 1280 2523 1342 ut
2559 1278 2771 1342 multi-

321 1385 522 1448 farias
553 1383 710 1448 alias
748 1381 1032 1446 rationes
1061 1382 1384 1447 definiant.
1447 1385 1666 1466 potest
1693 1383 1864 1446 enim
1894 1383 2156 1447 subesse
2184 1383 2365 1448 notio
2394 1383 2527 1448 eius
2565 1383 2659 1448 rei
2692 1383 2772 1448 ad

327 1512 524 1575 quam
567 1488 1011 1573 perficiendam
1059 1489 1302 1572 aliquid
1347 1489 1715 1573 suscipitur.
1800 1489 1927 1553 hue
1983 1489 2311 1572 pertinent
2363 1490 2771 1556 substantiva

323 1601 651 1680 temp11S,
707 1597 949 1680 loeus,
1003 1594 1154 1679 via,
1212 1596 1574 1679 spatium,
1629 1616 1757 1678 qua
1801 1615 1917 1678 pro
1977 1598 2299 1660 structura
2346 1598 2541 1662 etiam
2587 1619 2765 1681 prae-

321 1703 561 1787 positio
609 1702 699 1766 ad
747 1723 893 1766 eum
939 1701 1303 1766 accusativo
1353 1701 1646 1766 adhiberi
1704 1703 1940 1785 potest.
2014 1722 2480 1785 nonnunquam
2528 1705 2771 1788 geneti-

313 1832 434 1875 vus
493 1809 811 1894 originem
867 1808 1136 1872 alieuius
1193 1807 1285 1870 rei
1341 1807 1640 1893 designat
1696 1804 2382 1894 (intemperantia)
2438 1809 2770 1894 multoque

313 1920 536 1981 autem
607 1915 864 1998 saepius
917 1913 1346 1999 provinciam,
1410 1914 1480 1976 in
1536 1935 1665 1997 qua
1720 1913 1863 1996 quis
1916 1914 2183 1999 negotia
2238 1914 2532 1998 expedire
2590 1917 2770 1983 solet.

317 2023 444 2087 hue
483 2023 783 2105 spectant
810 2021 1244 2085 substantiva:
1292 2019 1607 2104 artifex,
1645 2021 1817 2104 dux,
1855 2020 2237 2105 minister,
2275 2021 2560 2105 socius,
2598 2044 2771 2088 eon·

318 2128 642 2212 stantia,
709 2127 997 2212 modae,
1061 2127 1345 2212 pietas,
1419 2127 1843 2192 temeritas.
1934 2125 2085 2191 Tae.
2133 2147 2279 2192 ann.
2325 2127 2440 2212 IV,
2485 2130 2570 2193 23
2639 2135 2773 2195 erat

321 2237 418 2302 illi
451 2235 838 2318 praedarum
882 2239 1146 2316 receptor
1191 2255 1263 2299 ac
1306 2236 1503 2300 socius
1537 2234 1890 2316 populandi
1933 2254 2044 2298 rea
2092 2232 2572 2302 Garamantum.
2655 2235 2770 2322 VI,

317 2344 402 2408 29
437 2343 713 2425 pretium
754 2341 1111 2421 festinandi.
1185 2340 1308 2424 XI,
1348 2342 1386 2405 8
1435 2359 1612 2405 casus
1656 2339 2025 2404 Mithridati
2068 2341 2251 2405 datus
2296 2346 2383 2406 est
2425 2335 2765 2424 occupandi

322 2449 702 2513 Armeniam.
780 2447 968 2531 XIII,
1006 2448 1095 2512 30
1137 2448 1408 2529 spatium
1451 2447 1711 2512 vivendi.
1784 2444 1929 2528 XV,
1972 2446 2052 2510 14
2098 2447 2276 2528 copia
2314 2497 2326 2510 .
2366 2497 2379 2512 .
2420 2498 2434 2512 .
2470 2450 2769 2515 mittendi.

325 2554 471 2621 hist.
515 2553 637 2636 III,
685 2557 726 2622 6
778 2555 1024 2637 placuit
1085 2555 1314 2623 occasio
1379 2553 1711 2619 invadendi
1776 2553 2131 2619 incuriosos.
2238 2551 2360 2636 III,
2407 2554 2495 2617 40
2550 2557 2770 2635 ayendi

317 2666 586 2744 tempora
621 2663 1020 2728 consultando
1057 2662 1412 2744 absumpsit.
1475 2659 1589 2746 IV,
1618 2661 1705 2724 49
1754 2661 1873 2725 duo
1910 2660 2140 2725 itinera
2175 2660 2460 2725 audendi.
2534 2661 2646 2747 IV,
2681 2664 2767 2729 65

313 2774 555 2851 sumpto
611 2770 1000 2835 consultandi
1051 2769 1267 2850 spatio,
1369 2767 1476 2833 hie
1531 2770 1865 2850 praeterea
1922 2766 2355 2831 enumeranda
2410 2772 2562 2833 sunt
2617 2769 2766 2835 Tae.

313 2898 460 2941 ann.
507 2875 630 2961 XI,
677 2877 756 2941 61
826 2881 1016 2940 artem
1069 2875 1362 2938 medendi.
1451 2874 1535 2938 ib.
1599 2874 1752 2938 data
1804 2874 2043 2938 dicendi
2098 2875 2289 2955 copia.
2379 2875 2528 2940 hist.
2577 2874 2633 2960 Ι,
2680 2876 2766 2941 36

314 2984 584 3048 adeundi
622 2982 800 3047 locus.
872 2980 933 3063 I,
963 2981 1046 3046 69
1085 2981 1324 3045 dicendi
1359 2984 1570 3043 artem.
1643 2977 1737 3063 II,
1771 2980 1804 3042 1
1846 2980 2320 3061 intemperantia
2356 3030 2371 3045 .
2402 3031 2415 3045 .
2449 3032 2463 3046 .
2492 3032 2507 3048 .
2545 2983 2768 3048 multos

312 3090 682 3155 destinandi.
756 3087 820 3152 Π
830 3138 848 3172 ,
895 3087 981 3152 25
1025 3088 1297 3169 spatium
1341 3087 1699 3169 refuyiendi.
1773 3084 1898 3170 HI,
1946 3086 1987 3149 6
2037 3086 2275 3167 placuit
2318 3090 2547 3153 occasio
2592 3090 2764 3153 inva-

310 3196 496 3260 dendi
539 3194 899 3259 incuriosos.
975 3192 1102 3277 ΠΙ,
1155 3192 1237 3257 10
1292 3193 1595 3258 mulcendi
1640 3191 1857 3274 vulqus
1901 3196 2065 3257 artes
2109 3197 2166 3256 et
2208 3196 2561 3259 auctoritas.
2644 3193 2761 3278 III,

310 3303 396 3367 52
444 3301 777 3366 cunctandi
819 3300 1134 3365 utilitates.
1215 3298 1346 3380 ΙΙΙ,
1393 3298 1477 3363 59
1523 3299 1739 3364 varias
1780 3297 2044 3378 fallendi
2087 3303 2265 3363 artes.
2347 3298 2459 3383 IV,
2506 3299 2590 3364 58
2640 3304 2764 3364 tra-

308 3408 496 3473 hendi
537 3412 717 3471 artes.
799 3405 957 3490 Agr.
1006 3407 1047 3469 2
1103 3406 1386 3487 loquendi
1443 3405 1851 3486 audiendique
1895 3406 2259 3469 commercio.
2349 3405 2434 3472 16
2490 3407 2767 3472 comitate

311 3515 583 3597 quadam
641 3512 921 3578 curandi.
985 3510 1223 3575 Germ.
1280 3512 1367 3576 24
1431 3516 1610 3576 tanta
1666 3511 1952 3576 lucrandi
1993 3511 2363 3592 perdendive
2418 3514 2764 3578 temeritate.

314 3620 478 3685 Vell.
523 3619 616 3699 ΙΙ,
662 3620 744 3683 41
795 3619 1095 3683 celeritate
1139 3618 1422 3683 bellandi.
1505 3616 1604 3699 ΙΙ,
1651 3617 1693 3681 3
1751 3617 2046 3682 latissime
2089 3618 2391 3699 evayandi
2435 3618 2555 3683 sibi
2596 3620 2765 3685 viam

308 3726 570 3807 faciunt.
670 3725 761 3811 II,
809 3725 894 3790 23
950 3724 1287 3789 rebellandi
1341 3729 1590 3806 tempus.
1676 3721 1773 3807 ΙΙ,
1821 3724 1908 3788 60
1953 3724 2245 3806 loquendi
2301 3729 2533 3807 tempus
2586 3727 2763 3792 dedit.

309 3834 404 3917 Π,
435 3835 517 3898 16
563 3834 828 3897 materia
863 3832 1242 3915 adipiscendi
1278 3830 1688 3911 triumphalia
1722 3830 1983 3910 defectus
2019 3836 2121 3896 est.
2202 3830 2294 3913 ΙΙ,
2324 3830 2409 3895 85
2436 3834 2767 3914 puynandi

311 3941 567 4005 dwravit
599 3940 966 4004 constantia.
1037 3936 1130 4021 H,
1173 3937 1297 4001 112
1344 3938 1582 4018 copiam
1605 3939 1955 4020 puynandi.
2035 3937 2127 4022 Π,
2159 3937 2286 4003 115
2332 3940 2594 4003 materia
2628 3940 2761 4003 adi-

303 4047 595 4128 pisoendi.
668 4045 760 4129 11,
812 4045 938 4109 125
1001 4066 1138 4109 cum
1191 4046 1249 4109 ei
1290 4045 1498 4127 pietas
1559 4045 1899 4109 rectissima
1957 4046 2259 4110 sentiendi
2310 4050 2369 4109 et
2429 4048 2764 4112 auctoritas

311 4174 474 4236 quae
514 4153 808 4218 sentiebat
858 4152 1166 4218 obtinendi
1218 4156 1564 4233 superesset.
1658 4149 1812 4216 Sall.
1858 4148 1998 4215 Cat.
2044 4152 2158 4235 24,
2205 4153 2247 4215 2
2292 4153 2587 4234 princeps
2636 4154 2765 4234 fuit

307 4262 452 4327 belli
485 4260 789 4341 faciundi.
865 4259 945 4323 51
960 4310 977 4342 ,
1007 4259 1047 4323 3
1095 4279 1326 4340 mayna
1361 4258 1516 4322 mihi
1551 4259 1728 4340 copia
1762 4262 1850 4322 est
1882 4259 2283 4322 memorandi.
2357 4257 2472 4343 56,
2508 4260 2552 4323 4
2597 4280 2759 4325 occa—

307 4370 550 4434 sionem
582 4367 916 4449 puynandi
951 4386 1077 4429 non
1113 4367 1276 4429 dare.
1359 4364 1499 4449 Iug.
1533 4365 1642 4448 18,
1672 4363 1714 4428 5
1758 4365 1912 4445 quia
1955 4384 2144 4445 neque
2178 4366 2443 4429 materia
2488 4367 2557 4431 in
2592 4368 2763 4449 ayris

309 4497 505 4558 neque
567 4475 646 4538 ab
702 4474 1012 4555 Hispanis
1067 4473 1315 4537 emundi
1361 4477 1469 4536 aut
1529 4472 1815 4535 mutandi
1860 4473 2034 4553 copia
2078 4475 2225 4535 erat.
2300 4472 2414 4556 38,
2460 4472 2500 4535 6
2567 4473 2761 4539 locum

307 4583 583 4650 hostibus
617 4581 969 4646 introeundi
1004 4581 1182 4645 dedit.
1249 4578 1361 4662 50,
1389 4579 1433 4642 4
1476 4599 1667 4660 neque
1702 4583 1915 4644 cmitra
1947 4579 2225 4659 feriundi
2258 4583 2372 4643 aut
2404 4581 2762 4644 conserundi
