3303 5235
615 323 698 386 16
1692 323 1877 394 Caput
1912 323 1952 378 Ι.

607 487 963 551 Brundisii.
1026 484 1109 568 ΙΙ,
1146 487 1229 551 27
1279 489 1604 552 contractis
1647 488 1887 551 circiter
1930 488 2348 570 quadraqinta
2385 489 2635 553 milibus
2676 488 3113 568 fortissimae

713 641 728 656 .
768 642 782 656 .
836 593 1166 658 iuventutis
1222 643 1234 657 .
1274 642 1288 659 .
1329 643 1343 656 .
1383 642 1396 657 .
1456 594 1789 658 dimicavit.
1873 592 1965 677 ΙΙ,
2013 594 2099 657 32
2166 593 2277 658 Cn.
2332 593 2664 675 Pompeius
2726 594 2952 658 multis
3032 600 3115 656 et

594 701 940 782 praeclaris
983 700 1139 763 viris
1183 700 1252 764 in
1298 701 1368 764 id
1410 700 1632 764 bellum
1679 701 2011 782 assumptis
2055 700 2469 781 descriptoque
2502 721 2703 782 paen-e
2746 701 2817 764 in
2854 701 3107 764 omnis

605 800 872 870 recessus
915 807 1113 870 maris
1145 807 1466 887 'praesidio
1509 807 1767 870 navium
1814 856 1827 870 .
1869 853 1883 868 .
1920 854 1935 870 .
1976 856 1989 870 .
2038 803 2333 868 liberavit.
2406 805 2489 889 ΙΙ,
2534 808 2621 871 40
2668 807 2835 870 omni
2881 854 2897 869 .
2944 855 2960 868 .
3006 856 3025 868 .
3084 853 3103 867 .

603 913 945 978 Brundisi-i
987 913 1240 976 dimisso
1285 913 1550 976 evercitu
1593 911 1755 976 nihil
1786 915 2039 993 praeter
2090 931 2313 976 nomen
2360 913 2749 993 imperatoris
2792 911 3102 975 retinens

603 1068 616 1082 .
658 1069 672 1084 .
711 1070 724 1083 .
773 1019 841 1082 in
885 1020 1094 1084 urbem
1139 1019 1336 1084 rediit.
1417 1016 1512 1101 11,
1557 1018 1645 1082 42
1703 1023 2013 1082 contracta
2068 1018 2261 1082 classe
2300 1023 2358 1081 ct
2388 1020 2679 1099 privatus
2724 1022 2781 1082 et
2834 1021 3024 1082 tunm
3034 1018 3097 1080 l-

607 1125 820 1189 tuaria
864 1147 1059 1192 manu
1081 1123 1132 1210 ¹)
1187 1126 1455 1189 invectus
1505 1125 1767 1206 fuyavit.
1848 1123 1941 1207 II,
1989 1124 2074 1188 49
2133 1123 2247 1187 Cn.
2291 1124 2622 1205 Pompeius
2678 1124 3097 1204 consulesque

603 1235 660 1293 et
716 1232 918 1296 maior
963 1251 1124 1312 pars
1195 1237 1444 1295 senatus
1515 1231 1726 1294 relicta
1784 1229 1930 1294 urbe
1988 1250 2063 1292 ac
2128 1229 2343 1293 deinde
2398 1228 2599 1293 Italia
2670 1231 3097 1294 transmisere

607 1336 1053 1419 Dyrrachium.
1121 1336 1204 1420 Π,
1244 1337 1322 1400 61
1379 1337 1528 1418 leyio
1555 1335 1805 1400 ,Martia
1839 1340 1898 1398 et
1938 1339 2163 1415 quarta
2202 1336 2443 1417 coynita
2478 1340 2536 1399 et
2566 1341 2817 1400 senatus
2852 1337 3087 1400 volun-

605 1447 726 1506 tate
761 1449 820 1506 et
855 1446 1016 1508 tanti
1059 1445 1130 1508 in
1164 1444 1333 1508 venis
1377 1444 1448 1506 in
1485 1441 1643 1506 dolis
1678 1441 1937 1506 sublatis
1982 1441 2178 1522 sionis
2213 1441 2300 1504 ad
2333 1441 2658 1506 Caesarem
2700 1462 2765 1506 se
2798 1444 3077 1507 contule-

609 1554 774 1612 runt.
822 1548 906 1632 11,
955 1550 1038 1614 69
1075 1553 1526 1630 praeoccupata
1561 1548 1727 1613 Asia
1772 1549 1843 1612 in
1886 1547 2141 1628 Syriam
2174 1553 2550 1628 pervenerat.
2617 1546 2701 1631 11,
2742 1548 2824 1612 70
2870 1569 3075 1613 cornu

609 1654 710 1716 cui
753 1652 999 1716 Brutus
1030 1659 1331 1736 praeerat
1370 1654 1659 1734 impulsis
1702 1652 1972 1716 hostibus
2017 1656 2220 1716 castra
2269 1651 2554 1718 Caesaris
2599 1655 2769 1736 oepit.
2850 1653 2933 1737 II,
2982 1655 3074 1718 70

601 1761 816 1823 reiecto
871 1760 1037 1823 laevo
1103 1779 1284 1840 super
1337 1764 1521 1840 caput
1582 1758 1856 1824 bracchio
1912 1805 1925 1820 .
1966 1808 1980 1823 .
2018 1805 2033 1820 .
2090 1759 2441 1838 exspiravit.
2522 1759 2587 1824 Π
2600 1807 2619 1840 ,
2668 1761 2702 1824 7
2716 1762 2746 1823 1
2807 1760 3072 1824 Drusus

603 1865 826 1930 Livius
871 1867 1081 1930 Iuliae
1125 1866 1444 1948 Auyustae
1485 1871 1673 1948 pater
1724 1871 1783 1930 et
1836 1865 2067 1930 Varius
2114 1864 2455 1944 Quintilius
2508 1871 2865 1948 retemptata
2924 1869 3069 1947 qui-

607 1973 743 2036 dem
788 1972 980 2036 hostis
1025 1972 1446 2037 misericordia
1490 1973 1647 2037 alter
1690 1993 1755 2036 se
1790 1972 1921 2052 ipse
1965 1972 2034 2034 in
2082 1970 2470 2036 tabernaculo
2508 1974 2817 2036 interemit
2854 1973 3064 2039 Varus

607 2082 812 2142 autem
852 2079 1050 2142 liberti
1088 2130 1100 2143 .
1131 2129 1144 2142 .
1176 2129 1190 2144 .
1221 2129 1235 2142 .
1280 2099 1476 2143 manu
1509 2078 1827 2160 iuyulatus
1862 2082 1963 2141 est.
2029 2075 2111 2157 ΙΙ,
2154 2078 2235 2141 72
2274 2080 2580 2160 occupatis
2624 2080 2887 2144 navibus
2922 2101 3065 2144 cum

606 2204 831 2266 mayno
885 2186 1262 2266 sequentium
1316 2186 1565 2250 consilio
1611 2205 1723 2250 suo
1768 2185 2058 2248 comitatu
2108 2185 2295 2266 fuyae
2345 2185 2749 2267 fortunaeque
2794 2205 2858 2250 se
2902 2206 3061 2249 com-

601 2290 789 2354 misit.
871 2290 935 2354 II
945 2341 962 2372 ,
1013 2291 1094 2354 73
1168 2296 1458 2372 occupata
1523 2291 1747 2356 Sicilia
1813 2291 2065 2356 servitia
2128 2289 2533 2372 fuyitivosque
2595 2292 2666 2355 in
2732 2313 3061 2356 numerum

601 2397 896 2460 exercitus
948 2397 1050 2460 sui
1102 2397 1397 2478 recipiens
1450 2418 1749 2480 magnum
1793 2397 2040 2461 modum
2096 2396 2400 2477 leyionum
2454 2396 2747 2476 effecerat.
2832 2395 2923 2480 ΙΙ,
2974 2399 3009 2460 7
3019 2399 3060 2460 6

603 2503 806 2566 Pollio
833 2503 1101 2567 Asinius
1150 2553 1163 2566 .
1205 2553 1218 2567 .
1257 2553 1270 2568 .
1309 2552 1324 2568 .
1371 2504 1480 2570 diu
1525 2509 1759 2569 retenta
1804 2505 1875 2566 in
1898 2507 2196 2584 potestate
2225 2503 2491 2566 Antonii
2529 2502 2780 2567 Venetia
2814 2506 3061 2585 maynis

601 2609 1000 2692 speciosisque
1051 2609 1230 2675 rebus
1283 2610 1449 2674 circa
1493 2610 1788 2675 Altinum
1832 2609 2112 2690 aliasque
2156 2609 2287 2671 eius
2340 2609 2607 2689 regionis
2660 2608 2834 2673 urbes
2872 2609 3051 2672 editis·

606 2764 624 2781 .
661 2764 674 2778 .
715 2763 728 2777 .
774 2715 1128 2780 Domitium
1173 2765 1187 2780 .
1227 2764 1240 2777 .
1281 2766 1294 2779 .
1333 2765 1347 2780 .
1394 2717 1606 2781 iunxit
1629 2718 1923 2781 Antoni-o.
1989 2714 2071 2797 ΙΙ,
2121 2714 2206 2779 85
2240 2716 2561 2795 productis
2606 2715 2897 2781 classibus
2930 2736 3047 2797 pro

603 2822 802 2885 salute
839 2823 995 2886 alter
1039 2824 1109 2885 in
1153 2821 1406 2885 ruinam
1453 2823 1609 2887 alter
1647 2828 1956 2887 terrarum
2000 2821 2161 2887 orbis
2198 2822 2573 2885 dimicavere.
2641 2821 2722 2905 ΙΙ,
2762 2822 2847 2885 85
2890 2842 3054 2885 sum-

603 2928 812 2990 missis
858 2929 1054 2991 armis
1099 2947 1318 2991 cessere
1362 2930 1699 2994 victoriam.
1764 2928 1847 3012 ΙΙ,
1894 2928 1974 2991 91
2025 2928 2370 3009 ayyreyatis
2413 2928 2753 2992 simillimis
2798 2928 2915 2993 sibi
2956 2928 3051 2992 in2

603 3033 878 3097 terimere
923 3031 1246 3098 Caesarem
1303 3036 1535 3099 statuit.
1618 3034 1709 3118 11,
1758 3035 1843 3098 93
1903 3034 1998 3097 M.
2043 3033 2384 3097 Marcellus
2430 3082 2443 3095 .
2484 3082 2497 3097 .
2537 3083 2550 3096 .
2592 3083 2606 3098 .
2662 3035 3055 3116 magnificen-

604 3138 838 3201 tissimo
895 3158 1147 3203 munere
1200 3140 1536 3205 aedilitatis
1590 3143 1748 3206 edito
1803 3139 2051 3205 decessit
2100 3140 2432 3203 admodum
2467 3136 2737 3204 iuvenis.
2820 3139 2913 3223 ΙΙ,
2970 3141 3053 3205 94

601 3246 848 3307 redacta
908 3266 980 3308 ea
1040 3242 1406 3331 (Armenia)
1465 3248 1536 3309 in
1587 3250 1945 3328 potestatem
1997 3244 2220 3325 populi
2280 3244 2558 3311 Romani
2622 3267 2874 3328 reynum
2928 3248 3054 3309 eius

601 3353 947 3417 Artavasdi
999 3354 1175 3417 dedit.
1260 3352 1324 3416 ΙΙ
1333 3401 1350 3435 ,
1405 3353 1524 3416 101
1588 3351 1745 3417 Cum
1793 3351 1857 3417 C.
1904 3349 2136 3417 Caesar
2190 3356 2333 3415 ante
2387 3351 2532 3416 aliis
2575 3352 2917 3431 provinciis
2968 3354 3051 3415 ad

601 3458 921 3522 visendum
976 3459 1155 3523 obitis
1207 3460 1277 3521 in
1323 3457 1584 3522 Suriam
1643 3458 1852 3524 missis
1900 3508 1913 3521 .
1952 3508 1966 3522 .
2008 3505 2023 3521 .
2070 3462 2197 3521 tam
2243 3460 2414 3522 varie
2457 3478 2521 3521 se
2564 3458 2652 3521 ibi
2690 3460 2891 3540 yessit.
2970 3457 3049 3539 ΙΙ,

608 3564 728 3627 107
787 3585 1018 3646 mayna
1071 3585 1209 3627 cum
1265 3565 1432 3629 clade
1484 3565 1753 3630 hostium
1803 3566 2028 3647 fraude
2072 3584 2282 3628 eorum
2338 3568 2624 3645 temptato
2680 3565 2942 3627 exercitu
2984 3566 3048 3626 in

603 3668 862 3733 hiberna
909 3671 1167 3752 leyiones
1209 3672 1471 3736 reduxit.
1545 3671 1626 3755 ΙΙ,
1680 3671 1805 3735 108
1852 3671 2157 3751 occupatis
2202 3670 2395 3752 iyitur
2440 3689 2590 3749 quos
2621 3670 3047 3750 praediximus

603 3775 748 3839 locis
799 3777 1121 3857 finitimos·
1155 3778 1357 3841 omnis
1410 3782 1522 3841 aut
1575 3778 1725 3842 bello
1783 3778 2018 3841 domuit
2072 3781 2183 3839 aut
2242 3776 2687 3839 conditionibus
2744 3776 2903 3840 iuris
2952 3778 3047 3839 sui

599 3882 761 3961 fecit.
827 3882 913 3965 ΙΙ,
948 3882 1071 3946 109
1119 3881 1327 3945 Sentio
1365 3880 1711 3947 Saturnino
1757 3882 2127 3947 mandatum
2163 3887 2234 3945 ut
2265 3902 2381 3961 per
2410 3880 2618 3945 Cattos
2662 3883 2882 3946 excisis
2917 3902 3044 3945 con-

605 3988 933 4053 tinentibus
991 3986 1344 4069 Hercyniae
1398 3987 1573 4052 silvis
1635 3988 1895 4071 legiones
1948 3987 2398 4053 Boioliaemum
2456 3989 2704 4051 duceret.
2787 3988 2879 4070 11,
2930 3990 3044 4052 112

603 4097 900 4174 perrupta
945 4114 1154 4156 eorum
1209 4094 1338 4157 acie
1382 4114 1456 4157 ex
1499 4094 1811 4175 insperato
1865 4095 2183 4158 victoriam
2229 4094 2703 4157 vindicaverunt.
2785 4093 2847 4157 II
2857 4144 2875 4176 ‚
2929 4095 3042 4157 120

603 4198 679 4263 L.
731 4199 917 4261 etiam
978 4197 1248 4263 Caedicii
1295 4200 1594 4281 praefecti
1653 4205 1994 4264 castrorum
2052 4218 2373 4279 eorumque
2429 4201 2537 4280 qui
2594 4250 2607 4263 .
2647 4250 2660 4262 .
2702 4248 2715 4262 .
2754 4249 2767 4263 .
2828 4200 3041 4264 obside-

603 4304 831 4367 bantur
877 4303 1194 4418 laudaffla
1237 4306 1436 4369 virtus
1481 4310 1569 4369 est
1603 4308 1712 4388 qui
1756 4307 2036 4371 omnibus
2082 4305 2555 4387 difficultatibus
2597 4307 2903 4386 superatis

603 4430 708 4475 nec
755 4412 1075 4474 temerario
1130 4414 1379 4477 consilio
1424 4433 1532 4476 nec
1577 4414 1746 4495 segni
1779 4414 2172 4493 providentia
2226 4412 2328 4475 usi
2371 4411 2777 4493 speculatiquc
2834 4433 3031 4493 oppor-

750 4640 802 4703 1)
843 4637 922 4689 Ex
959 4637 1168 4719 Halmii
1207 4640 1539 4693 coniectura.
