3303 5235
603 299 636 362 l
651 299 730 361 18
1686 295 1869 368 Caput
1903 296 1971 352 V.

709 529 784 618 b)
833 553 999 596 cum
1045 530 1422 616 gerundio
1472 533 1548 594 et
1593 533 2032 616 gerundivo
2080 531 2448 598 adverbia
2492 532 2941 617 iunguntur.

781 674 930 738 Tac.
978 695 1124 738 ann.
1171 671 1299 738 XII
1310 723 1328 756 ‚
1374 673 1415 736 3
1471 673 1677 737 crebro
1732 676 2098 740 ventitando.
2190 674 2350 739 XIII
2361 725 2379 759 ‚
2424 675 2469 738 4
2522 674 2801 756 exempla
2854 693 3073 754 capes-

602 781 775 846 sendi
819 781 1047 863 eyreyie
1095 779 1354 862 imperii.
1437 777 1583 863 XV,
1636 781 1668 843 1
1728 783 1958 846 modice
2000 783 2360 864 quaerendo,
2435 781 2585 846 hist.
2629 780 2664 844 Ι
2681 831 2699 863 ,
2743 780 2833 843 22
2888 780 3073 860 cupi-

601 888 744 954 dine
791 886 1076 950 libentius
1120 886 1375 950 obscura
1419 885 1715 952 credendi.
1798 885 1858 972 Ι,
1896 888 1983 952 32
2028 889 2215 953 eundi
2256 889 2418 953 ultro
2454 889 2730 952 eamdem
2774 906 2920 950 mox
2964 885 3077 964 fa-

601 994 902 1058 cultatem.
993 991 1054 1077 Ι,
1101 990 1185 1055 69
1241 989 1502 1055 meliora
1553 995 1936 1058 constantius
1978 995 2369 1076 postulando,
2454 993 2583 1078 111,
2631 993 2715 1059 76
2768 993 3076 1075 pectiniz's

601 1101 808 1165 acerbe
844 1119 958 1182 per
1002 1097 1348 1180 municipia
1400 1099 1845 1179 conquirendis.
1919 1099 2033 1183 IV,
2078 1100 2122 1165 5
2174 1102 2247 1166 in
2300 1101 2667 1166 nuntionem
2722 1099 3078 1164 incidimus

601 1207 726 1271 viri
768 1207 1012 1289 saepius
1055 1204 1454 1270 memorandi.
1536 1203 1703 1270 Vell.
1739 1204 1865 1291 ΠΙ,
1912 1207 1953 1270 3
2010 1207 2309 1272 latissime
2354 1207 2654 1290 evayandi
2710 1207 2832 1271 sihi
2884 1205 3073 1269 viam

598 1315 858 1394 faciunt.
923 1311 1014 1396 ΙΙ,
1053 1311 1138 1377 58
1183 1312 1368 1393 fidem
1401 1312 1798 1376 descendendi
1842 1317 1971 1377 tuto
2016 1314 2500 1393 interfectoribus
2543 1313 2831 1378 Caesaris
2874 1315 3073 1378 dedit.

603 1419 665 1484 II
679 1469 697 1503 ‚
742 1420 826 1484 97
883 1419 996 1484 sub
1041 1419 1233 1501 leyato
1277 1418 1374 1484 M.
1418 1417 1620 1483 Lollio
1666 1418 1910 1484 homine
1954 1419 2025 1483 in
2069 1421 2283 1484 omnia
2318 1421 2616 1502 pecuniae
2659 1440 2850 1501 quam
2902 1425 3073 1484 recte

598 1527 872 1608 faciendi
907 1526 1232 1608 cupidiore.
1314 1522 1406 1608 ΙΙ,
1449 1525 1576 1589 120
1618 1530 1861 1590 mature
1904 1527 1991 1590 ad
2022 1525 2327 1606 inferiora
2362 1525 2619 1592 hiberna
2652 1528 3073 1592 descendendo

601 1634 1029 1699 vacillantium
1073 1633 1262 1696 etiam
1297 1633 1386 1696 cis
1421 1631 1709 1697 Rhenum
1753 1633 2019 1698 sitarum
2048 1635 2325 1716 ¹centium
2369 1635 2614 1698 animos
2647 1636 3073 1717 confirmavit.

602 1740 696 1824 ΙΙ,
749 1741 872 1804 126
932 1744 1086 1805 recte
1140 1739 1414 1819 faciendi
1471 1739 1754 1804 omnihus
1812 1720 1927 1804 aut
1976 1741 2227 1805 incussa
2269 1741 2555 1806 voluntas
2598 1746 2714 1806 atat
2764 1743 3072 1824 imposita

603 1847 939 1912 necessitas.
1032 1845 1126 1928 II,
1177 1844 1300 1908 131
1360 1847 1612 1911 cervices
1658 1851 1788 1910 tam
1830 1847 2077 1927 fortiter
2128 1849 2481 1913 sustinendo
2528 1853 2841 1912 terrarum
2896 1850 3073 1914 orbis

604 1954 860 2036 imperio
905 1953 1243 2035 sufficiant.
1328 1950 1477 2016 Sall.
1514 1951 1654 2037 Iug.
1695 1953 1762 2035 7,
1799 1953 1842 2016 4
1886 1955 2341 2020 modestissume
2373 1975 2599 2037 parem
2642 1959 2699 2018 et
2742 1976 2926 2038 saepe
2978 1958 3067 2021 ob-

605 2062 774 2126 viam
819 2061 1016 2124 eundo
1051 2058 1350 2142 periculis
1409 2060 1480 2122 in
1525 2063 1767 2124 tantam
1811 2060 2245 2127 claritudinem
2298 2062 2461 2126 brevi
2506 2067 2884 2142 pervenerat.
2940 2065 3064 2144 .‚25

614 2169 695 2233 10
742 2188 819 2232 ne
863 2167 1135 2249 amplius
1178 2167 1476 2231 morando
1521 2164 1831 2232 Scaurum
1877 2215 1893 2231 .
1932 2215 1947 2230 .
1987 2217 2000 2230 .
2040 2218 2054 2230 .
2100 2169 2455 2234 incenderet.
2526 2168 2725 2250 32,1
2778 2167 2930 2233 haec
2976 2176 3063 2234 at-

606 2295 720 2358 que
778 2275 936 2339 talia
992 2273 1240 2338 huiusce
1297 2274 1464 2338 modi
1508 2293 1685 2355 saepe
1736 2274 2000 2338 dicundo
2056 2274 2395 2340 Memmius
2438 2274 2669 2357 populo
2712 2279 3057 2356 persuadet.

607 2382 756 2447 hist.
803 2380 895 2465 11,
942 2382 1024 2445 41
1038 2431 1056 2463 ‚
1102 2380 1146 2444 4
1203 2401 1392 2462 neque
1443 2399 1546 2461 eyo
1599 2379 1894 2443 callidam
1942 2379 2311 2460 facundiam
2368 2401 2557 2462 neque
2614 2382 2935 2464 inqenium
2972 2383 3055 2445 ad

617 2490 775 2554 male
807 2488 1174 2569 faciundum
1210 2486 1461 2552 exercui.
1527 2484 1641 2571 IV,
1681 2488 1785 2570 61,
1822 2485 1865 2550 4
1902 2486 2057 2550 mihi
2089 2487 2349 2567 fortuna
2383 2489 2595 2553 multis
2628 2489 2807 2553 rebus
2846 2489 3047 2571 ereptis

609 2617 791 2662 usum
836 2596 1001 2661 dedit
1043 2595 1185 2660 bene
1228 2594 1542 2660 suadendi.

1742 2880 1781 2957 ἓ
1829 2878 1930 2945 21.

610 3032 708 3087 De
762 3029 1128 3100 participiis
1191 3044 1232 3084 a
1287 3028 1540 3098 quibus
1586 3033 1659 3084 et
1710 3029 2015 3098 singulae
2061 3043 2265 3086 voces
2318 3034 2390 3085 et
2440 3033 2623 3086 totae
2677 3032 3061 3086 structurae

1620 3139 1818 3205 aptae
1866 3140 2044 3192 sunt.

612 3308 685 3373 A.
732 3308 822 3371 De
850 3303 1216 3388 participiis
1255 3303 1628 3386 quibuscum
1669 3320 1854 3370 casus
1882 3303 2148 3387 obliqui,
2188 3306 2546 3373 accusativi
2571 3324 2709 3373 cum
2735 3305 3067 3372 infinitivo

1004 3411 1335 3477 structura
1380 3411 1488 3477 vel
1534 3410 1710 3476 solus
1755 3410 2120 3477 infinitivus
2168 3412 2665 3495 coniunguntur.

792 3555 1137 3619 Permultis
1195 3554 1265 3618 in
1314 3555 1654 3619 structuris
1712 3576 1875 3638 quae
1923 3554 2004 3618 ab
2061 3576 2181 3619 usu
2229 3558 2630 3640 superiorum
2678 3557 3067 3640 scriptorum

614 3665 920 3729 recedunt
991 3660 1430 3745 unusquisque
1497 3660 1805 3725 concedet
1875 3662 2104 3724 miram
2164 3662 2490 3745 quandam
2557 3663 2946 3727 suavitatem
3009 3668 3069 3727 et

615 3770 1006 3855 elegantiam
1069 3768 1279 3831 inesse
1343 3770 1410 3830 et
1473 3766 1769 3848 quamvis
1826 3766 1908 3831 ad
1974 3768 2360 3832 brevitatem
2417 3768 2731 3833 orationis
2788 3770 3065 3833 multum

617 3878 980 3957 conferant,
1025 3880 1242 3938 tamen
1279 3893 1744 3955 nonnunquam
1782 3872 2121 3937 florentem
2159 3874 2479 3959 quandam
2520 3873 3065 3957 pulchritudinem

617 4006 725 4048 eas
772 4003 924 4066 prae
973 4002 1040 4045 se
1086 3980 1270 4045 ferre.
1368 3977 1492 4042 hoc
1539 3978 1620 4042 ad
1678 3983 2035 4043 structuras
2098 4001 2257 4063 quas
2314 3980 2486 4043 infra
2541 3979 2745 4045 oculis
2794 3980 3063 4045 subicie-

617 4112 760 4153 mus
805 4109 938 4152 non
974 4087 1282 4170 pertinet,
1328 4086 1566 4171 quippe
1603 4106 1763 4168 quas
1799 4087 2027 4167 pateat
2064 4107 2142 4149 ex
2180 4086 2318 4149 solo
2363 4107 2583 4169 presse
2630 4085 2883 4151 dicendi
2934 4090 3061 4151 stu·

618 4196 722 4260 dio
779 4198 955 4260 ortas
1011 4217 1149 4261 esse
1203 4215 1321 4258 nec
1376 4193 1685 4257 facilitati
1747 4192 2127 4257 elocutionis
2174 4192 2522 4277 quidquam
2576 4192 2907 4258 inservire.
2994 4214 3062 4259 ac

619 4302 905 4384 profecto
963 4305 1206 4387 quanta
1253 4299 1580 4385 elegantia
1637 4319 1777 4363 esse
1835 4303 2081 4381 potest,
2140 4321 2285 4363 cum
2338 4300 2685 4383 participia
2746 4322 2911 4384 quae
2958 4324 3060 4366 va·

620 4409 736 4472 riis
793 4409 1046 4473 casibus
1100 4406 1261 4473 varii
1316 4405 1566 4471 numeri
1622 4408 1897 4469 utuntur
1960 4428 2104 4469 cum
2172 4406 2593 4471 substantivis
2656 4408 2724 4470 in
2791 4408 3059 4493 singulis

625 4515 879 4578 casibus
925 4516 1194 4597 prolatis
1241 4514 1613 4595 iunguntur.
1689 4512 1859 4594 quod
1908 4512 2166 4595 quidem
2205 4534 2337 4577 non
2381 4513 2673 4597 impedit,
2720 4514 3059 4596 quominus

623 4620 815 4683 etiam
862 4619 1010 4682 huic
1047 4619 1139 4682 rei
1185 4616 1545 4681 accuratius
1584 4618 1999 4697 exponendae
2027 4620 2409 4683 nonnullam
2440 4642 2747 4684 navemus
2784 4642 3057 4703 operam.
