3303 5235
559 326 648 390 54
1627 325 1811 396 Caput
1848 325 1941 381 111.

562 491 706 556 niis.
812 489 912 554 ΙΙΙ
923 539 941 574 ,
985 490 1072 554 39
1151 511 1216 554 se
1267 490 1516 572 pavisse
1579 490 1781 555 oculos
1844 494 2111 572 spectata
2182 489 2427 554 inimici
2500 494 2691 555 morte
2750 489 3021 552 iactavit.

563 597 688 680 III,
743 597 831 661 45
911 601 1086 678 capto
1147 617 1264 678 per
1325 596 1535 660 dolum
1615 617 1751 679 reqc
1825 595 2127 662 Carataco
2200 598 2571 662 instruxisse
2642 594 3025 677 triumphum

565 704 818 770 Claudii
847 702 1132 768 Caesaris
1166 703 1497 768 videbatur.
1570 702 1690 787 III,
1718 705 1801 768 57
1849 705 2009 786 fictis
2058 704 2423 786 Vespasiani
2456 703 2723 786 epistolis
2748 703 3027 785 pretium

554 811 932 895 proditionis
995 813 1320 874 ostentans,
1420 807 1544 893 III,
1604 810 1688 874 75
1757 811 2035 891 ferebant
2091 813 2371 894 plerique
2432 811 2619 875 etiam
2670 811 2822 891 paci
2885 830 3025 873 con-

565 919 797 983 sultum
833 917 1136 997 dirempta
1172 916 1580 981 aemulatione
1613 918 1777 982 inter
1812 919 1981 984 duos.
2057 918 2170 1004 IV,
2206 922 2283 984 12
2321 939 2467 984 moa·
2501 921 2684 981 aucta
2708 937 2827 998 per
2866 916 3025 980 Bri-

568 1025 856 1089 tanniam
893 1023 1100 1105 qloria
1147 1023 1531 1088 transmissis
1574 1024 1725 1089 illuc
1770 1023 2130 1091 cohortibus.
2213 1025 2370 1111 Agr.
2410 1026 2451 1089 2
2496 1024 2761 1107 delcqato
2804 1024 3031 1086 trium-

571 1132 726 1195 viris
769 1130 1128 1194 ministerio.
1219 1131 1299 1193 13
1355 1132 1713 1196 transvectis
1759 1132 2094 1214 legionibus
2138 1134 2514 1214 auxiliisque
2568 1136 2627 1195 et
2668 1135 2909 1212 sumpto
2955 1131 3031 1193 in

559 1242 804 1323 partem
848 1255 1056 1300 rerum
1114 1235 1504 1318 Vespasiano.
1591 1239 1677 1303 22
1732 1240 1991 1304 vastatis
2034 1240 2405 1306 nationibus.
2452 1263 2458 1268 ·
2492 1237 2703 1302 Germ.
2750 1237 2838 1300 42
2884 1238 3031 1318 ipsa

566 1345 732 1410 sedes
765 1343 970 1424 pulsis
1015 1342 1165 1408 olim
1203 1343 1388 1408 Boiis
1423 1344 1645 1408 virtute
1678 1350 1890 1427 parta.
1964 1345 2128 1410 Vell.
2157 1347 2189 1410 I
2200 1398 2217 1430 ,
2256 1348 2295 1412 8
2343 1367 2479 1410 eam
2518 1342 2803 1430 (urbem)
2850 1344 3029 1426 asylo

573 1452 738 1532 facto
793 1450 952 1512 inter
1007 1449 1160 1513 duos
1207 1449 1377 1514 lacus
1429 1451 1627 1515 auxit.
1700 1451 1759 1536 I,
1798 1451 1839 1515 9
1886 1453 2123 1518 delectis
2166 1455 2296 1518 eius
2332 1451 2607 1537 (Persei)
2652 1451 2862 1533 copiis.
2936 1448 3027 1531 Π,

571 1557 657 1620 32
719 1557 870 1620 data
927 1555 1221 1635 facultate
1281 1557 1415 1621 sine
1485 1562 1665 1640 rapto
1738 1560 1979 1624 vivendi
2050 1561 2297 1643 rapinis
2358 1560 2577 1624 arcuit.
2690 1555 2842 1621 Sall.
2904 1577 3035 1638 pro

565 1668 722 1728 certo
775 1663 1045 1728 creditur
1106 1667 1314 1727 necato
1375 1663 1508 1744 fiilio
1561 1685 1820 1729 vacuam
1876 1666 2124 1730 domum
2186 1667 2442 1731 scelestis
2499 1665 2737 1747 nuptiis
2791 1662 3026 1743 fecisse.

563 1769 707 1854 Iug.
755 1770 840 1834 83
897 1789 962 1834 eo
1007 1770 1182 1834 modo
1227 1790 1402 1851 saepe
1456 1769 1533 1834 ab
1587 1775 1842 1852 utroque
1886 1774 2093 1838 missis
2152 1773 2537 1854 remissisque
2588 1770 2830 1836 nuntiis
2878 1773 3029 1832 tem-

555 1896 684 1958 pus
726 1877 1064 1957 procedere.
1149 1875 1313 1941 Vell.
1360 1874 1453 1960 II,
1498 1877 1541 1940 4
1595 1878 1802 1942 excisa
1857 1877 2234 1962 Carthayine
2288 1900 2362 1944 ac
2416 1877 2787 1942 Numantia.
2872 1872 3030 1938 Sall.

571 1981 711 2046 Cat.
764 1982 880 2065 46,
934 1981 976 2045 2
1044 1981 1386 2046 laetabatur
1449 1983 1793 2066 intelleqens
1853 1986 2274 2050 coniuratione
2336 1985 2653 2067 patefacta
2720 1981 3031 2046 civitatem

559 2088 855 2172 periculis
890 2091 1158 2169 ereptam
1178 2108 1322 2152 esse.
1381 2089 1484 2171 48,
1517 2089 1553 2152 7
1592 2109 1711 2170 quo
1744 2091 2000 2170 facilius
2034 2092 2339 2174 appellato
2370 2091 2595 2157 Crasso
2628 2109 2738 2171 per
2772 2088 3030 2152 societa-

553 2173 690 2258 ⁰tem
714 2195 984 2277 periculi
1028 2196 1292 2276 reliquos
1337 2194 1510 2258 illius
1543 2196 1856 2276 potentiae
1901 2201 2128 2279 teqeret.
2200 2198 2315 2279 48,
2354 2197 2393 2259 9
2436 2217 2516 2260 -ne
2553 2194 2817 2260 Crassus
2862 2213 3035 2258 more

568 2321 679 2366 suo
705 2306 974 2384 suspecto
1011 2302 1320 2366 malorum
1341 2302 1694 2384 patrocinio
1730 2323 1859 2366 rem
1880 2303 2194 2384 publicam
2222 2301 2622 2367 conturbaret.
2676 2300 2817 2384 lug.
2852 2301 2958 2382 14,
2988 2301 3031 2363 5

569 2408 797 2472 veritus
841 2430 917 2473 ne
951 2409 1197 2490 polluta
1243 2408 1488 2472 licentia
1534 2409 1839 2473 invidiam
1882 2412 2241 2474 accenderet.
2319 2408 2471 2472 hist.
2506 2406 2620 2493 IV,
2657 2409 2762 2493 61,
2804 2408 2888 2471 12
2934 2409 3031 2470 in-

570 2519 739 2596 cepta
783 2536 920 2579 mea
959 2519 1304 2596 postremus
1359 2535 1673 2580 servorum
1717 2516 2062 2582 Archelaus
2106 2517 2370 2582 exercitu
2402 2515 2653 2598 prodito
2698 2515 3028 2596 impedivit.

751 2621 943 2686 Haud
1002 2645 1145 2687 raro
1202 2623 1301 2705 fit,
1371 2627 1445 2687 ut
1502 2622 1827 2707 participii
1888 2644 2005 2707 pro
2064 2622 2473 2687 substantivo
2528 2622 2771 2687 verbali
2826 2620 3019 2705 positi

577 2732 902 2793 structura
938 2728 1216 2811 pendeat
1255 2750 1294 2791 a
1331 2728 1829 2811 praepositione.
1906 2730 2202 2813 exempla
2240 2733 2418 2794 sunt:
2465 2729 2613 2793 Tac.
2653 2750 2802 2793 ann.
2834 2726 2897 2809 Ι,
2930 2727 3015 2789 50

576 2835 646 2899 ob
691 2836 992 2898 amissum
1035 2833 1406 2917 Auqustum.
1480 2834 1512 2897 I
1523 2884 1541 2916 ,
1587 2834 1673 2898 53
1717 2840 1865 2917 post
1916 2837 2299 2917 interfectum
2343 2837 2754 2902 Posthumum
2798 2835 3025 2916 Aqrip-

570 2960 741 3023 pam.
824 2939 890 3003 II
905 2990 922 3023 ,
968 2940 1051 3003 41
1105 2940 1173 3005 ob
1220 2945 1456 3022 recepta
1501 2942 1698 3023 siqna.
1779 2940 1877 3004 III
1886 2992 1904 3026 ,
1957 2943 2031 3007 11
2094 2944 2165 3008 ob
2210 2947 2510 3025 receptum
2555 2941 3032 3007 Maroboduum.

574 3045 673 3109 III
687 3097 704 3129 ,
743 3046 828 3110 36
875 3047 946 3111 ob
982 3046 1246 3129 effiyiem
1281 3048 1673 3129 imperatoris
1710 3050 2068 3131 oppositam.
2144 3048 2240 3113 III
2252 3100 2269 3132 ,
2306 3049 2391 3112 47
2428 3054 2575 3131 post
2612 3047 3035 3128 ferocissimas

572 3158 778 3236 qentcs
810 3155 1193 3235 perdomitas
1239 3158 1326 3218 tot
1368 3159 1626 3236 receptos
1672 3156 1743 3219 in
1779 3157 2026 3220 iuventa
2062 3161 2176 3220 aut
2207 3160 2438 3237 spretos
2484 3154 2840 3237 triumphos.
2918 3151 3039 3236 III,

579 3261 660 3324 61
716 3266 864 3343 post
926 3261 1265 3341 interfectos
1321 3259 1635 3344 Cyclopas.
1732 3261 1851 3346 VI,
1915 3264 1994 3326 12
2057 3268 2203 3345 post
2254 3267 2535 3327 caustum
2597 3262 2814 3327 sociali
2884 3261 3037 3325 bello

582 3366 974 3448 Capitolium.
1049 3366 1172 3450 VI,
1210 3367 1296 3431 34
1330 3372 1478 3450 post
1511 3372 1781 3432 avectam
1815 3368 2119 3434 Medeam.
2184 3367 2306 3451 XI,
2344 3369 2431 3432 22
2478 3369 2650 3432 tertio
2686 3388 2853 3431 anno
2890 3371 3041 3447 post

583 3473 958 3554 Tarquinios
994 3478 1245 3538 exactos.
1309 3472 1497 3557 XIII,
1525 3474 1611 3537 32
1645 3478 1793 3557 post
1828 3474 2069 3540 Iuliam
2106 3476 2499 3556 interfectam.
2574 3473 2750 3556 XIV,
2777 3474 2864 3537 23
2892 3478 3042 3555 post

581 3580 775 3645 deleta
819 3579 1155 3643 Artaxata.
1238 3578 1381 3664 XV,
1429 3580 1512 3644 62
1546 3584 1697 3662 post
1738 3585 1996 3644 matrem
2039 3581 2417 3663 fratremque
2460 3580 2817 3659 interfectos.
2890 3576 3040 3663 XV,

584 3686 670 3750 65
721 3692 861 3767 post
914 3687 1176 3751 occisum
1231 3708 1412 3769 opera
1465 3686 1733 3751 Pisonis
1834 3686 1984 3751 hist.
2031 3687 2090 3771 I,
2141 3689 2174 3752 1
2232 3692 2376 3770 post
2436 3686 2647 3751 urbem
2709 3686 3039 3751 conditam.

587 3792 738 3857 dial.
785 3793 868 3856 37
932 3793 1253 3857 dicendum
1298 3791 1522 3857 habeas
1567 3812 1655 3856 an
1699 3793 1772 3857 de
1815 3792 2053 3858 ambitu
2098 3794 2479 3858 comitiorum
2526 3792 2812 3873 capitatis
2855 3792 3041 3857 sociis

584 3905 641 3964 et
683 3900 913 3964 civibus
960 3899 1299 3963 trucidatis,
1372 3897 1538 3977 Vell.
1582 3898 1638 3980 I,
1687 3900 1726 3963 3
1762 3903 1907 3980 post
1948 3900 2149 3965 Ilium
2193 3905 2455 3983 captum.
2526 3898 2584 3982 I,
2634 3899 2667 3962 Ἰ
2726 3918 2865 3962 cum
2909 3898 3043 3962 sint

582 4027 626 4069 a
655 4002 876 4087 Capua
913 4010 1095 4088 capta
1129 4005 1288 4069 anni
1323 4005 1564 4069 ducenti
1591 4009 1646 4069 et
1680 4006 2113 4089 quadraqinta.
2169 4006 2218 4090 I,
2248 4007 2287 4070 8
2314 4010 2459 4089 post
2487 4005 2743 4070 Troiam
2770 4008 3035 4086 captam.

585 4110 617 4174 I
627 4161 645 4193 ,
697 4112 772 4174 11
826 4116 967 4193 post
1009 4112 1235 4176 victum
1293 4116 1654 4193 capt-umque
1697 4111 1943 4177 Persen.
2018 4111 2084 4175 II
2094 4163 2110 4195 ,
2156 4113 2199 4176 4
2242 4116 2390 4194 post
2440 4116 2525 4175 tot
2558 4116 2830 4193 acceptas
2872 4112 3041 4175 circa

587 4216 1006 4281 Numantiam
1067 4217 1282 4282 clades.
1384 4214 1476 4293 II,
1525 4216 1609 4280 33
1677 4217 1747 4280 ob
1800 4217 2054 4282 iniectas
2106 4218 2290 4282 moles
2343 4219 2524 4282 mari.
2615 4217 2679 4281 II
2691 4267 2708 4300 ,
2763 4218 2849 4281 49
2895 4220 3043 4298 post

587 4322 797 4387 urbem
843 4323 1167 4387 conditam.
1246 4320 1338 4405 II,
1387 4321 1472 4385 65
1505 4327 1653 4403 post
1692 4323 1903 4387 urbem
1948 4320 2273 4389 conditam.
2344 4322 2437 4406 II,
2489 4324 2614 4389 103
2649 4328 2795 4407 post
2828 4324 3038 4387 urbem

587 4430 912 4495 conditam.
984 4426 1074 4511 II,
1127 4429 1253 4492 122
1299 4449 1374 4492 ex
1418 4429 1727 4494 Armenia
1770 4436 2005 4514 recepta
2060 4432 2476 4512 ordinatisque
2530 4431 2705 4497 rebus
2754 4430 3036 4495 Orientis.

592 4534 742 4601 Sall.
791 4533 930 4598 Cat.
976 4535 1062 4598 47
1073 4584 1091 4618 ,
1136 4536 1179 4598 2
1233 4536 1311 4599 ab
1355 4537 1596 4601 incenso
1644 4534 1966 4618 Capitolio,
2056 4538 2169 4619 48,
2216 4538 2260 4600 4
2323 4538 2395 4601 de
2426 4538 2679 4618 paratis
2723 4538 3037 4601 incendiis.

589 4641 728 4728 Ing.
767 4643 873 4726 41,
899 4642 940 4705 2
986 4645 1130 4706 ante
1166 4639 1602 4725 Carthayinem
1637 4643 1911 4707 deletam.
1987 4643 2101 4726 73,
2145 4643 2176 4706 1
2226 4643 2332 4707 ubi
2366 4644 2439 4707 de
2474 4663 2622 4708 casu
2658 4643 3037 4711 Bomilcaris
