3303 5235
590 305 671 369 18
1672 305 1857 378 Caput
1890 308 1933 362 I.

582 469 1036 552 praesentibus
1103 468 1354 533 formae
1401 469 1741 534 reflexivae
1796 469 1860 534 h.
1908 491 1961 534 e.
2007 470 2353 535 verborum
2414 469 2876 554 deponentium
2924 469 3038 534 ad-

584 595 751 639 nexa
806 578 976 642 sunt.
1043 575 1358 640 nonnulla
1395 574 1568 638 enim
1605 575 2022 640 inveniuntur
2058 575 2464 660 deponentia,
2510 597 2787 660 quorum
2831 576 3041 661 parti-

585 681 754 766 cipia
791 681 1025 746 suffixo
1064 687 1123 747 to
1158 681 1445 746 formata
1482 680 1859 765 analogiam
1897 681 2241 746 verborum
2280 681 2774 747 transitivorum
2813 685 3042 747 secuta

582 789 912 872 passivam
971 789 1281 853 exhibent
1342 785 1905 871 significationem.
1989 786 2183 852 sicut:
2244 787 2395 853 Tac.
2441 809 2589 853 ann.
2636 787 2694 872 I,
2741 788 2837 864 59,
2886 789 3041 854 aliis

577 894 860 976 ymitibns
912 895 1270 978 ignorantia
1323 893 1573 974 imperii
1613 891 1893 958 Romani
1945 894 2263 976 inexperta
2306 914 2429 959 esse
2471 895 2779 976 supplicia
2830 896 3041 959 nescia

584 999 831 1065 mzuta.
877 1000 929 1084 I,
976 1001 1058 1065 61
1095 1001 1316 1083 prima
1371 999 1528 1065 Vari
1571 1002 1778 1064 castra
1824 998 1949 1064 lato
1993 999 2231 1064 ambita
2274 1005 2333 1065 et
2374 1001 2668 1066 dimensis
2700 1001 3040 1083 principiis

584 1107 776 1171 triam
836 1107 1141 1190 leyionum
1197 1125 1424 1171 manns
1483 1105 1880 1170 ostentabant.
1962 1103 2089 1189 III,
2147 1105 2232 1170 74
2273 1107 2607 1190 praeponit
2658 1109 3041 1172 centuriones

581 1214 830 1278 virtutis
889 1217 1186 1295 expertae.
1269 1210 1456 1295 XIV,
1507 1214 1537 1275 1
1607 1212 1719 1276 din
1780 1213 2143 1278 meditatum
2205 1213 2397 1278 scelus
2457 1233 2585 1278 non
2643 1214 2815 1279 ultra
2866 1213 3041 1278 Nero

582 1319 839 1384 cti-studit.
931 1315 1087 1384 Sall.
1141 1318 1282 1403 Iug.
1337 1317 1422 1382 58
1439 1368 1456 1402 ,
1507 1318 1550 1382 3
1615 1319 1737 1384 tela
1798 1318 2038 1384 eminas
2100 1320 2295 1386 missa
2355 1320 2656 1384 remittere
2710 1321 2905 1402 pauci
2966 1321 3041 1384 in

578 1425 863 1508 pluribus
905 1426 1115 1490 minus
1145 1425 1455 1506 frustrati.
1523 1424 1663 1510 Iug.
1708 1425 1853 1508 101,
1882 1425 1921 1488 9
1969 1427 2117 1490 dnm
2141 1445 2339 1508 prope
2370 1427 2502 1491 iam
2536 1427 2822 1508 adeptam
2856 1428 3039 1492 vieto-

579 1533 750 1597 riam
800 1533 1058 1596 retinere
1110 1532 1294 1614 eupit.
1376 1530 1547 1596 Vell.
1593 1530 1685 1614 II,
1730 1532 1801 1613 4,
1848 1531 1890 1594 2
1947 1532 2165 1596 virtuti
2218 1536 2498 1614 expertae
2549 1533 2620 1597 in
2673 1533 2900 1614 Africa
2942 1554 3033 1598 re-

525 1699 534 1708 .
578 1639 826 1720 spondit
867 1637 938 1702 in
981 1637 1323 1719 Hispania.
1395 1636 1480 1721 II,
1525 1638 1630 1722 21,
1678 1638 1721 1701 2
1762 1637 2105 1718 frustratus
2148 1657 2265 1719 spe.
2338 1637 2423 1722 Π,
2474 1639 2617 1723 115,
2660 1641 2693 1703 1
2742 1643 3026 1704 testatam

578 1749 682 1810 est.
762 1743 856 1828 II,
907 1744 1061 1826 116,
1108 1744 1150 1807 3
1193 1744 1442 1808 atinam
1493 1763 1622 1808 non
1675 1742 2014 1808 maioribus
2066 1744 2498 1826 experimentis
2557 1749 2841 1810 testatum
2884 1751 3038 1810 esset

579 1855 884 1934 quantum
925 1850 997 1914 in
1041 1850 1213 1914 omni
1255 1871 1321 1914 re
1361 1849 1622 1930 fortuna
1657 1853 1875 1932 posset.

1731 2118 1772 2196 ξ
1823 2115 1885 2179 4.

1075 2250 1176 2306 De
1218 2247 1568 2319 participio
1615 2247 1744 2305 fut.
1791 2247 2042 2317 passivi
2086 2248 2532 2317 (gerundivo).

757 2400 1180 2485 Participium
1226 2399 1433 2463 futuri
1468 2398 1716 2484 passivi
1752 2398 1918 2462 nihil
1959 2397 2136 2463 aliud
2173 2400 2313 2483 est,·
2339 2421 2534 2483 quam
2582 2397 3033 2484 gerundivum,

583 2509 762 2575 cuius
828 2507 1304 2594 participialem
1368 2509 1674 2571 naturam
1736 2528 1813 2570 ex
1873 2506 2017 2589 ipsa
2072 2503 2464 2570 formatione
2525 2507 2773 2570 elucere
2835 2526 3032 2589 supra

583 2614 1192 2682 demonstravimuS.
1238 2613 1309 2677 in
1355 2601 1731 2679 universum
1776 2613 1878 2678 illi
1926 2612 2273 2697 participio
2324 2611 2586 2677 subesse
2635 2634 2779 2677 eam
2820 2609 3027 2675 notio—

580 2745 748 2808 nem,
777 2722 1125 2787 secundum
1155 2740 1350 2803 quam
1388 2719 1634 2804 aliquid
1662 2720 1806 2784 fieri
1844 2718 2097 2801 debet,
2141 2719 2487 2783 notissima
2522 2740 2626 2783 res
2656 2722 2774 2784 est.
2842 2736 3026 2801 gene-

581 2829 738 2893 ralis
786 2831 1005 2892 autem
1051 2824 1549 2910 significationis
1598 2826 1799 2889 etiam
1845 2824 2243 2889 mutationes
2292 2828 2571 2909 exstant,
2617 2822 3030 2889 necessitatis

581 2934 757 2998 enim
818 2934 1087 2998 notione
1151 2932 1559 3015 aliquantum
1625 2932 1974 2997 obscurata
2037 2930 2453 3015 participium
2516 2931 2720 2995 futuri
2784 2928 3033 3013 passivi

580 3062 1048 3124 nonnunquam
1102 3038 1347 3103 indicat
1392 3059 1529 3102 rem
1588 3038 1872 3123 aliquam
1918 3036 2059 3100 fieri
2111 3057 2361 3120 posse.
2435 3037 2605 3122 apud
2652 3034 3030 3100 Ciceronem

580 3146 691 3210 ille
736 3168 891 3210 usus
939 3145 1130 3231 certis
1179 3144 1566 3228 quibusdam
1612 3143 2098 3209 condicionibus
2147 3141 2463 3207 obnoxius
2512 3147 2627 3227 est,
2670 3164 2822 3206 nam
2867 3162 3031 3205 nun-

582 3274 796 3337 quam,
841 3252 968 3316 nisi
1007 3250 1271 3336 negatio
1310 3250 1527 3333 aliqua
1562 3250 1666 3314 vel
1712 3248 1839 3314 vix
1884 3247 2269 3312 vocabulum
2308 3250 2682 3333 appositum
2721 3251 2840 3331 est,
2884 3268 3031 3330 pro-

582 3358 772 3423 batus
835 3379 976 3424 esse
1028 3357 1301 3422 videtur.
1386 3356 1548 3419 satis
1607 3353 2037 3420 excusationis
2092 3353 2336 3419 habent
2393 3377 2599 3439 neque
2657 3356 3029 3439 repugnant

578 3463 679 3528 illi
724 3486 991 3529 normae
1035 3464 1190 3547 loci,
1245 3461 1355 3545 qui
1399 3461 1471 3525 in
1515 3461 1687 3525 libro
1732 3460 1811 3525 de
1858 3460 1966 3525 off.
2010 3460 2450 3544 inveniuntur,
2496 3460 2608 3524 ubi
2651 3459 3023 3544 frequenter

581 3571 858 3655 legimus
887 3567 1496 3654 intellegendum
1527 3572 1644 3633 est
1670 3590 1789 3653 pro
1818 3566 2316 3651 intellegitur
2334 3567 2436 3630 vel
2464 3566 2830 3651 intellegi
2857 3567 3029 3650 pot-

581 3680 717 3741 est.
792 3676 1015 3741 subest
1053 3674 1225 3739 enim
1252 3675 1434 3739 notio
1464 3675 1602 3739 eius
1645 3674 1815 3758 quod
1847 3674 2111 3756 iustum,
2139 3672 2457 3755 decorum,
2487 3670 2777 3737 debitum
2808 3675 2925 3756 est,
2954 3674 3029 3734 ut

581 3781 818 3866 Zumpt
841 3782 892 3867 1)
954 3780 1214 3845 uberius
1280 3780 1560 3864 exponit.
1612 3816 1690 3825 —-
1754 3778 2070 3844 Maiorem
2134 3780 2283 3845 huic
2347 3778 2491 3843 usui
2545 3778 2879 3843 licentiam
2942 3798 3025 3840 ne

581 3888 969 3973 posteriores
1035 3885 1292 3970 quidem
1352 3886 1701 3970 scriptores
1766 3886 2067 3951 intulisse
2132 3885 2213 3951 iis
2279 3884 2390 3968 qui
2451 3886 2804 3967 sequuntur
2866 3882 3028 3946 locis

581 3994 1082 4060 demonstratur.
1171 3991 1337 4056 Vell.
1383 3990 1476 4075 H,
1535 3993 1616 4057 18
1684 3992 1835 4074 loyes
1876 3993 2264 4075 perniciosas
2325 3995 2384 4055 et
2440 3990 2779 4056 exitiabiles
2840 4008 3031 4070 neque

549 4101 934 4166 ‘tolerandas
989 4096 1105 4185 (Ε
1151 4095 1553 4184 tolerabiles)
1610 4098 1834 4163 liberae
1885 4098 2122 4163 civitati
2180 4096 2339 4163 tulit.
2418 4095 2513 4180 II,
2560 4096 2599 4160 8
2649 4092 2890 4177 prrns
2933 4096 3029 4159 de-

579 4208 740 4273 victa
783 4206 1021 4271 nullius
1063 4206 1445 4288 assiqnanda
1483 4204 1722 4287 ‚qloriae
1764 4209 1868 4271 est.
1948 4203 2035 4288 11,
2081 4204 2169 4268 46
2212 4222 2352 4268 eum
2395 4202 2611 4267 deinde
2654 4201 2887 4265 imanis
2930 4220 3030 4265 res

579 4314 687 4377 vix
747 4312 962 4376 maltis
1021 4312 1436 4377 voluminibus
1498 4311 1895 4393 explicandas·
1958 4308 2022 4376 Ο.
2079 4309 2309 4376 Caesar
2369 4310 2441 4373 in
2505 4306 2726 4373 Gallia
2780 4312 3027 4389 yereret.

581 4419 635 4503 I,
679 4419 720 4483 9
765 4420 970 4483 virum
1015 4418 1086 4482 in
1131 4422 1374 4483 tantum
1410 4418 1797 4482 laudandam
1830 4417 1903 4481 in
1927 4421 2230 4498 qnantum
2274 4414 2541 4497 intellegi
2583 4415 2781 4478 virtus
2812 4418 3029 4494 potest.

726 4649 778 4714 ι)
825 4643 891 4699 G.
929 4646 990 4701 L.
1030 4650 1061 4711 5
1096 4650 1216 4701 650.

3280 3 3284 65 ἱ

3270 119 3285 560 1
