3303 5235
903 335 985 420 De
1022 336 1448 406 participiorum
1486 337 1680 391 natura
1725 335 1958 390 verbali.
2534 333 2663 398 113

209 499 374 562 -dem
417 497 750 582 Draegeri,
813 499 922 582 qui
970 499 1139 564 hunc
1185 521 1372 564 usum
1423 499 1766 582 diligenter
1814 499 2157 562 observare
2204 498 2507 580 debebat,
2563 500 2667 562 vix

217 607 353 681 est,
399 604 561 687 quod
601 605 994 670 mentionem
1039 605 1372 670 faciamus.
1446 608 1734 669 attamen
1781 604 1901 668 has
1910 655 1927 686 ,
1978 627 2137 688 quas
2186 604 2435 688 priores
2480 628 2662 689 repu—

115 752 122 760 -
213 711 472 774 dial-unt
506 711 992 776 coniunctiones
1038 713 1146 776 ille
1185 713 1462 796 scriptor
1500 711 1790 776 admisit:
1843 711 1992 774 iam
2035 711 2362 794 iamque,
2408 731 2663 794 quam-

211 819 360 900 vis,
389 819 640 903 etiam,
669 823 952 904 tamen,
979 819 1328 902 necdum,
1357 818 1537 896 etsi,
1576 840 1669 883 ne
1694 855 1767 862 —
1794 816 2123 901 quidem,
2153 817 2329 901 iam,
2357 818 2667 900 quippe,

208 925 532 1007 demum,
571 925 990 992 etiamtum.
1066 925 1432 1008 SallustiuS,
1471 947 1510 990 a
1547 925 1727 990 cuius
1766 923 2020 1006 scriptis
2057 923 2231 988 hunc
2268 946 2450 988 usum
2489 945 2665 1008 pror-

209 1053 324 1094 sus
380 1031 658 1096 alienum
706 1053 844 1098 esse
891 1031 1138 1114 dicunt,
1185 1031 1444 1114 saepius
1485 1030 1643 1100 haec
1682 1031 1999 1097 vocabula
2036 1029 2358 1096 adhibuit:
2406 1030 2668 1112 sicuti,

209 1138 484 1220 veluti,
530 1138 778 1223 quasi,
824 1142 1205 1222 tanquam.
1285 1137 1454 1220 apud
1491 1135 1815 1202 Velleium
1854 1137 2125 1220 denique
2162 1159 2279 1200 usu
2326 1140 2667 1202 venerunt:

209 1244 482 1320 veluti,
530 1243 774 1326 velut,
820 1247 932 1327 ut,
979 1244 1234 1308 etiam.

391 1349 608 1433 Atque
663 1351 982 1434 exempla,
1049 1371 1210 1432 quae
1274 1349 1486 1433 primo
1557 1350 1699 1414 loco
1756 1349 2459 1432 commemorabuntur,
2522 1349 2665 1414 ideo

212 1457 482 1522 minoris
530 1457 842 1540 momenti
890 1458 1067 1539 sunt,
1115 1455 1268 1540 quia
1315 1455 1646 1538 adverbia,
1694 1455 2075 1539 quibuscum
2122 1456 2467 1541 participia
2512 1477 2661 1521 con·
2715 1479 2720 1486 ·

211 1565 437 1628 iuncta
485 1565 668 1646 sunt,
726 1585 860 1628 non
907 1562 988 1628 ad
1034 1562 1378 1647 participia
1425 1563 1564 1627 sola
1620 1563 1921 1646 usurpari
1976 1567 2249 1644 possunt
2304 1562 2664 1628 accuratius

207 1669 601 1752 definienda,
654 1689 876 1733 verum
915 1669 1110 1736 etiam
1159 1669 1238 1734 ad
1277 1669 1686 1737 substantiva
1730 1669 1904 1734 haud
1942 1691 2089 1734 raro
2129 1669 2458 1736 accedunt.
2539 1669 2665 1733 huc

210 1781 428 1842 autem
475 1774 802 1858 pertinent
847 1795 978 1838 non
1026 1774 1217 1841 modo
1256 1774 1586 1860 adverbia,
1633 1797 1797 1860 quae
1846 1775 2296 1860 gradationem
2342 1776 2662 1861 quandam

207 1883 611 1969 exprimunt,
667 1880 779 1946 sed
825 1880 1021 1946 etiam
1067 1882 1397 1965 adverbia,
1454 1881 1686 1966 quibus
1736 1881 2085 1956 indicatur,
2142 1905 2267 1968 quo
2315 1887 2507 1967 pacto
2556 1883 2665 1950 ali-

215 1990 365 2074 quid
411 1986 612 2061 fiatl)
687 1987 892 2052 multo
941 2009 1092 2052 vero
1141 1988 1350 2073 magis
1389 2010 1466 2055 ea
1503 1987 1807 2052 adverbia
1844 1993 1969 2054 vim
2026 1988 2209 2052 illam
2269 2011 2433 2074 quae
2470 1990 2666 2072 parti-

213 2096 395 2180 cipiis
445 2094 619 2160 haud
665 2093 856 2158 dubie
901 2094 1072 2159 inest
1127 2095 1456 2160 verbalem
1513 2117 1667 2177 prae
1716 2116 1785 2159 se
1839 2093 2085 2176 ferunt,
2142 2115 2331 2180 quae,
2376 2094 2445 2160 id
2491 2095 2663 2180 quod

218 2225 288 2268 ex
324 2204 472 2287 ipso
522 2201 785 2264 nomine
830 2204 1127 2284 apparet,
1184 2223 1314 2264 non
1374 2201 1503 2266 nisi
1558 2222 1703 2264 cum
1752 2200 1965 2266 verbis
2011 2205 2289 2284 possunt
2344 2201 2667 2286 coniungi.

223 2310 407 2374 tertio
467 2307 742 2390 denique
799 2307 941 2370 loco
998 2307 1543 2374 enumerabuntur
1597 2305 1751 2388 loci,
1816 2305 1925 2371 ubi
1984 2307 2473 2375 coniunctiones
2528 2308 2667 2370 iun-

125 2463 134 2472 .
225 2419 455 2498 guntur
501 2435 650 2478 cum
696 2412 1082 2496 participiis,
1127 2412 1308 2478 cuius
1357 2412 1610 2498 generis
1651 2411 1996 2476 audaciora
2042 2433 2119 2476 ea
2166 2414 2461 2496 exempla
2499 2415 2670 2496 sunt,

226 2521 294 2582 in
347 2520 576 2604 quibus
633 2522 818 2602 patet
872 2519 1279 2602 participium
1335 2519 1404 2584 in
1460 2520 1675 2584 locum
1732 2518 2051 2582 enuntiati
2108 2519 2466 2586 secundarii
2525 2539 2667 2582 esse

231 2627 663 2692 substitutum.

395 2750 713 2834 Exempla
759 2754 974 2817 autem
1025 2751 1400 2836 collegimus
1447 2750 1636 2814 haec:

1401 2906 1483 2974 A.
1547 2904 1550 2907 ’

539 3008 592 3062 1.
639 3008 746 3062 Ex
792 3007 1055 3064 Tacito:

395 3104 566 3168 Ann.
622 3104 744 3188 XI,
797 3104 882 3169 25
957 3105 1226 3168 nimium
1289 3110 1713 3168 assentantem.
1816 3104 1965 3189 XII,
2025 3104 2107 3169 14
2177 3107 2453 3169 nondam
2516 3108 2673 3171 satis

226 3214 392 3273 aucto
429 3212 714 3275 excercitu.
787 3208 943 3293 XII,
981 3206 1066 3273 65
1108 3231 1338 3291 parum
1382 3211 1653 3276 coercitis
1698 3260 1711 3275 .
1752 3261 1766 3275 .
1806 3261 1819 3275 .
1860 3261 1873 3275 .
1920 3210 2284 3294 ayminibus.
2360 3210 2541 3295 XIII,
2579 3214 2667 3275 43

222 3318 519 3397 tanquam
581 3318 736 3381 satis
769 3318 1034 3399 ·eaepeeta
1104 3316 1348 3381 ultione.
1449 3314 1636 3399 XIII,
1682 3317 1769 3381 50
1832 3317 2095 3381 multum
2160 3318 2345 3402 prius
2415 3318 2672 3381 laudata

217 3422 645 3504 maynitudine
701 3423 953 3502 animi„
1020 3422 1161 3505 XV,
1209 3424 1247 3487 8
1313 3424 1468 3487 satis
1521 3423 1795 3505 firmatis
1858 3422 2285 3487 hibernaculis
2390 3422 2536 3508 XV,
2590 3426 2661 3487 11

214 3528 380 3592 nihil
437 3533 674 3593 mutato
739 3529 1006 3594 consilio,
1097 3529 1247 3595 hist.
1293 3527 1384 3612 11,
1432 3530 1516 3593 86
1581 3530 2009 3593 consularibus
2066 3528 2278 3611 legatis
2330 3530 2492 3594 nihil
2548 3534 2671 3594 tur-

214 3633 333 3698 ban
341 3634 524 3699 tibus.

538 3784 628 3841 Π.
673 3786 782 3841 Ex
828 3784 1180 3843 Sallustio:

404 3878 543 3945 Cat.
591 3881 707 3965 59,
760 3884 791 3946 1
830 3876 1168 3965 'paulu-lum
1213 3889 1634 3948 commoratus,

403 3986 592 4071 Apud
640 3987 960 4054 Velleium
1008 3989 1198 4055 huius
1245 3989 1497 4073 generis
1547 3989 1838 4073 exempla
1883 4012 2010 4055 non
2059 3990 2422 4055 inveninuS.

541 4262 594 4319 1.
637 4262 745 4317 Ex
790 4262 1049 4321 Tacito:
1350 4164 1437 4233 Β.

405 4352 573 4423 Arm.
620 4359 746 4441 III,
794 4362 877 4425 69
933 4383 1009 4425 nc
1053 4367 1346 4426 verterent
1399 4362 1708 4444 sapienter
1751 4366 1989 4443 reperta
2032 4366 2091 4426 ct
2141 4383 2374 4445 semper
2417 4365 2675 4447 placita.

220 4464 354 4549 III,
404 4466 486 4531 72
541 4467 787 4548 saepius
830 4468 1134 4549 dcssmlsus.
1225 4465 1338 4550 IV,
1386 4468 1426 4531 6
1481 4467 1663 4531 semel
1716 4470 2035 4551 assumpti.
2126 4467 2239 4554 IV,
2286 4471 2327 4535 9
2382 4474 2471 4537 ad
2510 4494 2674 4537 vana

373 4660 424 4725 1)
462 4657 580 4710 Hae
621 4658 688 4712 de
726 4675 786 4712 re
825 4659 894 4715 cf.
935 4658 1172 4729 Clemm,
1211 4660 1360 4715 Curt.
1401 4660 1558 4715 stud.
1597 4660 1756 4728 VIII,
1794 4668 1878 4718 57.

331 4755 496 4806 nanu,
525 4755 580 4795 «ιο
607 4757 950 4805 participiorum
979 4769 1079 4800 usu.
2216 4756 2249 4805 8
