3303 5235
997 308 1085 379 ‚De
1127 307 1532 376 significatione
1568 306 2011 376 participiorum.
2660 303 2743 368 15

273 475 484 557 adeyit
525 475 734 538 occisis
779 471 1164 554 Moyontiaci
1211 471 1476 536 tribunis
1510 470 1697 552 pulso
1742 475 2085 534 castrorum
2135 470 2439 551 praefecto
2484 469 2593 550 qui
2638 469 2735 533 dc-

276 585 709 645 tractaverant.
775 578 890 662 IV,
929 579 1014 642 62
1061 578 1415 660 duplicatur
1449 578 1765 662 tla9itium
1790 581 2122 659 postquam
2158 575 2405 640 desertis
2442 573 2738 639 Bonnen-
2760 642 2775 646 ,

272 689 444 752 sibus
497 688 716 751 castris
770 686 970 750 altera
1014 705 1076 749 se
1132 685 1283 766 leyio
1327 686 1673 750 miscuerat.
1754 683 1843 748 ib.
1887 702 2016 747 non
2073 683 2215 747 tulit
2258 681 2365 746 ala
2410 680 2737 746 Picentina

265 794 574 874 ,qaudium
645 793 1011 857 insultantis
1081 791 1250 874 vulqi
1319 792 1653 872 spretisque
1715 788 1932 854 Sancti
1988 789 2312 870 promissis
2374 791 2487 851 aut
2544 787 2737 852 minis

273 900 743 982 Moyontiacum
780 900 1018 964 abeunt.
1083 897 1198 981 IV,
1228 896 1312 961 65
1341 896 1827 980 Aymppinenses
1852 900 2092 976 sumpto
2118 893 2507 959 consultandi
2536 893 2737 976 spatio

335 1055 350 1069 .
388 1053 402 1068 .
457 1007 833 1088 respondent.
915 1003 1029 1087 IV,
1089 1005 1168 1067 71
1230 1003 1453 1067 Mssis
1500 1053 1512 1066 .
1553 1053 1566 1066 .
1610 1052 1624 1066 .
1662 1051 1677 1066 .
1730 1003 1840 1083 qui
1896 1050 1910 1065 .
1948 1051 1963 1066 .
2002 1051 2015 1065 .
2076 1005 2373 1064 verterent
2432 1004 2737 1065 contracto

274 1114 442 1193 quod
482 1117 620 1176 erat
652 1112 924 1176 militum
951 1109 1336 1193 Moyontiaci
1369 1114 1788 1191 quantumque
1831 1127 2031 1198 secum
2078 1111 2502 1172 transvexerat
2545 1103 2740 1171 tertiis

275 1219 500 1282 eastris
527 1218 906 1300 Riyodulum
939 1217 1119 1281 venit.
1180 1214 1294 1300 IV,
1327 1216 1410 1280 73
1453 1221 1527 1280 ut
1559 1200 1787 1280 relictis
1820 1213 2161 1296 paludibus
2204 1218 2263 1277 et
2303 1213 2738 1279 solitudinibus

277 1326 414 1388 suis
459 1324 968 1404 fecundissimum
1012 1323 1121 1387 hoc
1155 1324 1352 1388 solum
1388 1343 1606 1404 vosque
1639 1323 1804 1403 ipsos
1828 1321 2227 1403 possiderent.
2290 1318 2370 1404 V,
2399 1321 2439 1384 3
2466 1320 2738 1401 plurimi

281 1435 562 1494 auctores
605 1430 990 1493 consentiunt
1033 1479 1047 1492 .
1088 1478 1102 1492 .
1143 1478 1156 1492 .
1195 1479 1208 1492 .
1252 1449 1464 1512 reyum
1490 1428 1909 1492 Bocchiarum
1944 1428 2154 1492 addito
2181 1425 2563 1490 Hammonis
2600 1446 2737 1490 ora-

282 1535 418 1598 culo
465 1584 480 1598 .
517 1583 532 1598 .
571 1584 585 1598 .
619 1554 896 1616 paryare
947 1538 1006 1598 et
1056 1535 1129 1598 id
1171 1555 1364 1616 yenus
1417 1534 1739 1599 hominum
1786 1585 1801 1599 .
1838 1583 1853 1597 .
1892 1583 1907 1597 .
1946 1583 1960 1596 .
2014 1532 2261 1598 avehere
2314 1534 2569 1598 iussum.
2650 1531 2737 1596 ib.

266 1642 475 1723 pulsis
519 1640 854 1706 cultoribus
898 1641 1206 1706 obtinuere
1251 1647 1463 1707 terras.
1537 1641 1619 1726 V,
1667 1642 1706 1706 8
1752 1642 1863 1722 qui
1908 1637 2153 1725 (reges)
2199 1639 2514 1704 nobilitate
2566 1639 2736 1722 vulyi

277 1749 522 1830 expulsi
564 1751 878 1829 resumpta
902 1767 1021 1830 per
1047 1769 1230 1811 arma
1257 1749 1675 1812 dominatione
1711 1797 1724 1811 .
1758 1797 1771 1811 .
1801 1798 1814 1812 .
1846 1797 1859 1811 .
1904 1747 2395 1828 superstitionem
2437 1745 2735 1825 fovebant.

277 1853 358 1937 V,
411 1855 493 1918 14
541 1853 759 1919 Civilis
805 1903 819 1918 .
859 1902 872 1918 .
913 1904 926 1917 .
965 1901 981 1917 .
1025 1859 1314 1936 reparato
1345 1875 1464 1936 per
1510 1851 1954 1918 Germanicum
2007 1853 2271 1918 exercitu
2326 1853 2497 1934 apud
2536 1856 2738 1916 vetera

275 1966 484 2026 castra
529 1963 811 2026 consedit.
876 1959 956 2044 V,
993 1963 1068 2025 17
1117 1981 1299 2026 suam
1345 1961 1475 2025 illic
1517 1961 1839 2024 victoriam
1868 1958 2203 2025 Germanis
2248 1959 2545 2024 obstitisse
2588 1959 2737 2023 dum

275 2069 521 2132 omissis
567 2068 702 2132 telis
740 2068 980 2149 praeda
1025 2088 1252 2132 manus
1287 2068 1644 2149 impediunt.
1705 2065 1784 2150 V,
1812 2067 1895 2130 21
1944 2067 2151 2132 relicto
2187 2086 2336 2148 equo
2373 2065 2733 2130 tranatavit.

278 2173 361 2258 V,
390 2175 476 2238 23
510 2175 600 2238 sic
625 2175 934 2255 praevecti
971 2178 1256 2255 temptato
1297 2175 1519 2240 levium
1556 2174 1814 2238 telorum
1850 2173 2019 2238 iactu
2055 2174 2453 2238 dirimuntur.
2514 2171 2733 2256 Agric.

285 2282 366 2346 16
426 2281 789 2364 eapvmnatis
838 2280 1193 2362 praesidiis.
1283 2282 1361 2345 18
1423 2282 1862 2362 contractisque
1923 2280 2227 2360 leyionum
2284 2299 2480 2343 manu
2544 2278 2738 2342 erexit

279 2388 489 2451 aciem
535 2388 620 2451 ib.
657 2407 954 2469 caesaque
977 2407 1176 2468 prope
1207 2388 1498 2452 universa
1527 2392 1718 2470 yente.
1766 2387 1853 2450 20
1888 2391 2089 2452 coacto
2126 2387 2409 2450 exercitu.
2455 2385 2539 2449 ib.
2568 2386 2735 2450 datis

281 2493 602 2557 obsidibus.
666 2493 750 2558 28
797 2493 1050 2556 amissis
1083 2513 1202 2574 per
1245 2494 1562 2559 inscitiam
1605 2494 1852 2576 reyendi
1888 2492 2190 2557 manibus.
2256 2493 2340 2556 29
2376 2493 2732 2574 praemissa

277 2600 482 2665 classe.
557 2598 772 2664 Germ.
823 2601 856 2664 1
906 2600 1047 2681 quis
1093 2650 1107 2664 .
1137 2651 1151 2665 .
1181 2650 1196 2665 .
1227 2652 1241 2666 .
1287 2601 1456 2666 Asia
1501 2605 1614 2666 aut
1646 2599 1876 2682 Africa
1921 2603 2035 2665 aut
2075 2599 2277 2664 Italia
2320 2599 2535 2665 relicta
2582 2598 2733 2665 Ger-

274 2708 559 2772 maniam
602 2710 846 2788 peteret.
930 2708 1012 2771 37
1070 2708 1212 2771 inde
1265 2709 1459 2771 otium
1504 2709 1691 2773 donec
1743 2708 2051 2771 occasione
2104 2707 2445 2771 discordiae
2486 2710 2734 2771 nostrae

274 2818 334 2877 et
383 2814 664 2877 civilium
719 2834 1037 2877 armorum
1095 2816 1460 2897 expuynatis
1513 2814 1820 2897 leyionum
1882 2813 2153 2877 hibernis
2206 2814 2392 2877 etiam
2448 2811 2731 2878 Galliam

275 2902 709 3003 expuynavere.
792 2919 875 2983 39
932 2940 1101 2985 caeso
1145 2921 1390 3003 publice
1440 2920 1685 2985 homine
1738 2920 2040 2985 celebrant
2095 2919 2348 2985 barbari
2389 2920 2552 2984 ritus
2595 2918 2731 2983 hor-

275 3028 467 3091 renda
499 3026 873 3109 primordia.
939 3026 1089 3090 dial.
1129 3026 1169 3089 3
1214 3025 1476 3090 sublatis
1519 3026 1578 3091 si
1619 3046 1747 3107 qua
1780 3046 2021 3107 pravae
2063 3026 2554 3107 interpretationi
2596 3047 2729 3090 ma-

281 3134 498 3196 teriam
534 3134 844 3197 dedcrunt.
904 3132 991 3195 ib.
1029 3132 1290 3196 dimissa
1314 3132 1528 3213 priore
1563 3151 1717 3195 cura
1743 3151 1937 3195 novae
1962 3132 2317 3214 coyitationi
2344 3136 2462 3195 toto
2487 3136 2729 3213 pectore

279 3220 640 3303 incumbam.
698 3239 742 3303 4
789 3240 1034 3303 omissis
1064 3239 1406 3318 forensium
1443 3258 1776 3303 causarum
1813 3238 2118 3321 anqustiis
2156 3286 2171 3303 .
2210 3289 2223 3304 .
2264 3288 2277 3302 .
2317 3288 2330 3302 .
2368 3239 2581 3303 colam.
2649 3239 2729 3302 13

275 3345 509 3409 auditis
551 3346 621 3409 in
665 3345 901 3410 theatro
959 3344 1216 3426 Veryilii
1259 3344 1530 3409 versibus
1572 3346 1847 3410 surrexit
1888 3346 2211 3410 universus
2252 3346 2530 3427 populus.

591 3534 659 3597 b)
705 3533 913 3602 Apud
955 3531 1332 3589 Velleium:

451 3663 502 3749 Ι,
540 3666 580 3728 2
627 3666 898 3747 deposita
942 3669 1098 3728 veste
1132 3665 1304 3747 reyia
1337 3664 1719 3746 pastoralem
1756 3664 1987 3729 cultum
2022 3666 2244 3731 induit.
2308 3665 2358 3750 Ι,
2400 3667 2483 3730 11·
2528 3668 2727 3731 armis

271 3776 562 3853 occupata
588 3771 960 3837 Macedonia
1005 3772 1342 3853 assumptis
1385 3774 1560 3855 reyni
1604 3773 1950 3855 insiynibus
1995 3772 2161 3837 brevi
2206 3773 2559 3837 temeritatis
2582 3794 2725 3855 poe-

273 3896 391 3940 nas
454 3878 633 3941 dedit.
722 3876 813 3961 H,
860 3878 901 3940 2
953 3879 1368 3960 promulyatis
1432 3881 1707 3962 ayrariis
1772 3880 1998 3963 leyibus
2045 3929 2059 3944 .
2099 3932 2112 3945 .
2151 3930 2165 3945 .
2204 3930 2217 3944 .
2272 3900 2517 3945 summa
2578 3881 2726 3944 imis

273 3983 532 4046 miscuit.
601 3981 685 4066 ΙΙ,
731 3983 771 4046 3
819 3983 1198 4049 circumdata
1244 3985 1410 4049 laevo
1459 3986 1735 4050 bracchio
1783 3991 1953 4069 toyae
1998 3988 2232 4051 lacinia
2277 4036 2291 4051 .
2334 4035 2350 4051 .
2386 4037 2400 4051 .
2446 3986 2725 4050 hortatus

274 4092 372 4150 est.
453 4088 544 4172 Π,
592 4089 634 4153 5
676 4090 1013 4171 praeclara
1067 4092 1137 4155 in
1182 4090 1508 4173 Hispania
1561 4094 1795 4157 militia
1841 4093 1923 4159 D.
1971 4092 2172 4158 Bruti
2221 4093 2350 4173 fuit
2400 4093 2509 4173 qui
2542 4112 2723 4173 pene-

274 4195 454 4258 tratis
498 4196 778 4260 omnibus
814 4196 1172 4279 Hispaniae
1208 4197 1488 4280 yentibus
1533 4247 1548 4263 .
1589 4248 1603 4263 .
1642 4249 1657 4262 .
1704 4200 1892 4263 aditis
1936 4220 2092 4280 quae
2134 4199 2241 4264 vix
2286 4200 2504 4263 audita
2548 4206 2728 4265 erant

274 4299 555 4365 Gallaeci
598 4322 925 4385 coynomen
969 4305 1209 4368 meruit.
1293 4302 1383 4387 ΙΙ,
1432 4305 1472 4367 6
1529 4325 1697 4369 more
1742 4304 1992 4370 Coclitis
2036 4306 2389 4394 susteffatis
2433 4307 2504 4371 in
2537 4312 2725 4388 ponte

273 4404 536 4470 hostibus
581 4408 712 4472 eius
750 4408 962 4491 yladio
1007 4429 1071 4473 se
1117 4410 1450 4492 transfixit.
1524 4409 1609 4495 ΙΙ,
1654 4412 1733 4475 19
1782 4411 1966 4476 Sulla
2002 4416 2304 4476 contracto
2341 4413 2605 4477 exercitu
2640 4416 2729 4478 ad

275 4512 476 4575 urbem
512 4514 710 4577 rediit.
783 4513 869 4578 ib.
907 4515 1133 4579 abiecto
1163 4516 1375 4597 ¹qladio
1399 4516 1682 4599 perfuyit
1722 4537 1754 4580 e
1788 4537 2039 4583 carcere.
2108 4517 2191 4603 H,
2219 4519 2305 4582 24
2351 4518 2534 4583 Sulla
2569 4540 2723 4584 com-

261 4621 480 4701 positis
544 4623 930 4685 transm-urin
938 4623 992 4685 is
1051 4623 1226 4686 rebus
1271 4672 1286 4688 .
1325 4673 1339 4687 .
1379 4673 1392 4687 .
1448 4628 1713 4687 revectus
1769 4625 1841 4687 in
1899 4625 2161 4690 Italiam
2210 4675 2223 4689 .
2261 4676 2275 4689 .
2314 4673 2329 4689 .
2369 4675 2383 4689 .
2446 4628 2727 4707 exposuit
