3303 5235
924 339 1006 395 De
1043 342 1470 412 participiorum
1504 361 1605 397 usu
1643 344 2049 413 praedicative.
2639 346 2722 409 87

271 503 576 587 colligas,
632 503 800 586 quod
858 504 986 570 tria
1045 505 1340 589 exempla
1395 507 1474 570 ad
1532 506 1706 571 hunc
1764 530 1950 572 usum
2017 509 2407 590 pertinentia
2469 530 2601 572 non
2658 509 2727 572 in

272 610 644 693 annalibuS,
691 610 949 690 ultime,
997 611 1051 676 si
1089 614 1344 697 tempus
1385 617 1664 698 specteS,
1722 613 1930 678 Taciti
1979 615 2247 698 scripto,
2294 615 2726 700 continentur,

269 717 382 781 sed
443 717 512 779 in
571 716 943 801 annalibus,
998 718 1320 804 historiis,
1375 719 1687 804 Agricola
1742 722 1885 805 pari
1943 725 2205 786 exstant
2257 744 2546 786 numero,
2646 723 2725 786 cf.

267 845 418 887 ann.
454 823 516 906 I,
554 824 659 901 59,
703 826 731 887 1
782 829 856 888 ut
895 826 1226 908 quibusque
1271 827 1493 892 bellum
1537 829 1751 892 invitis
1786 833 1901 893 aut
1934 829 2310 911 cupientibus
2354 834 2502 894 erat.
2573 829 2725 894 hist.

263 931 396 1015 III,
445 931 534 994 43
590 935 832 996 maturo
883 933 1206 1014 ceterisque
1258 953 1572 998 remanere
1623 935 1958 1000 volentibus
1998 936 2142 1015 fuit.
2229 936 2589 1019 exemplum
2646 957 2727 1000 ex

265 1037 582 1122 Agricola
619 1041 942 1122 sumptum
983 1039 1114 1102 iam
1162 1061 1357 1124 supra
1393 1042 2057 1106 commemoravimus,
2096 1077 2180 1088 —-
2229 1040 2515 1107 Velleius
2552 1043 2725 1108 hunc

267 1144 580 1228 loquendi
629 1167 813 1209 usum
861 1147 1237 1230 repudiavit.

1404 1327 1443 1404 ξ
1495 1325 1594 1389 18.

1211 1459 1310 1514 De
1354 1433 1779 1515 Accusativo.

449 1590 966 1656 Considerandus
1031 1593 1156 1657 erit
1210 1615 1361 1656 usus
1418 1592 1789 1676 verborum,
1845 1594 2064 1677 qualia
2119 1599 2298 1660 sunt:
2381 1595 2721 1679 tradere,

263 1699 760 1782 permittere,
806 1697 1248 1782 relinquere
1306 1699 1579 1763 aliorum
1625 1721 1771 1763 cum
1818 1699 2182 1764 accusativo
2228 1701 2558 1784 participii
2602 1702 2719 1766 fut.

263 1826 442 1886 pase.
497 1803 1004 1870 coniunctorum.
1105 1809 1298 1890 atque
1361 1805 1705 1870 notissima
1768 1829 1870 1870 res
1926 1809 2027 1871 est
2080 1806 2489 1890 participium
2562 1809 2735 1873 illud‘

265 1911 333 1974 in
397 1909 522 1974 hac
578 1911 1026 1976 coniunctione
1083 1912 1446 1997 designare,
1495 1912 1594 1977 -ad
1654 1913 1826 1996 quod
1891 1913 2231 1978 consilium
2298 1913 2465 1978 actio
2521 1915 2719 1980 verbo

265 2015 537 2084 definita
595 2020 858 2100 spectet.
940 2020 1153 2084 finalis
1209 2024 1422 2085 autem
1485 2019 1877 2104 significatio
1931 2020 2079 2084 inde
2132 2021 2411 2104 perbene
2466 2023 2721 2087 conclu-

267 2125 479 2188 denda
526 2146 668 2188 esse
715 2124 989 2210 videtur,
1039 2127 1222 2210 quod‘
1247 2148 1715 2210 nonnunquam
1761 2127 1909 2190 huic
1957 2127 2103 2191 usui
2150 2129 2346 2192 etiam
2392 2130 2719 2213 praeposi-

267 2233 362 2296 tio
409 2241 510 2296 ad
569 2252 714 2296 cum
759 2233 1123 2296 accusativo
1178 2231 1516 2317 gerundivi
1570 2233 1915 2296 coniuncta
1969 2229 2070 2296 'vel
2128 2233 2304 2296 solus
2360 2233 2720 2299 infinitivus

275 2338 657 2422 inserviunt,
705 2359 1094 2423 quamquam
1139 2339 1439 2403 infinitivi
1482 2359 1634 2402 usus
1674 2338 1886 2422 magis
1934 2338 2017 2402 ad
2060 2345 2301 2422 poetas.
2327 2340 2607 2421 pertinet
2655 2347 2721 2405 et

271 2447 342 2510 in
389 2447 598 2510 soluta
635 2447 927 2511 oratione
986 2467 1118 2510 non
1179 2445 1307 2509 nisi
1349 2466 1466 2528 per
1512 2444 1636 2508 duo
1685 2443 1883 2508 verba
1937 2443 2113 2508 dare
2162 2450 2227 2509 et
2270 2447 2717 2512 ministrare

285 2552 530 2616 admitti
581 2553 766 2617 solet.
848 2551 988 2616 Ter.
1045 2551 1245 2617 Andr.
1290 2551 1414 2636 III,
1461 2551 1531 2636 2,
1576 2552 1619 2614 4
1683 2553 1846 2633 quod
1895 2552 2053 2616 ‘iussi
2106 2553 2163 2616 ei
2216 2554 2361 2616 dari
2417 2553 2611 2619 bibere
2663 2559 2722 2621 et

250 2646 569 2741 -qudnbum
611 2661 914 2741 imperavi
959 2662 1114 2726 date.
1189 2659 1318 2726 Cic.
1356 2659 1541 2725 Tusc.
1589 2657 1647 2744 I,
1695 2659 1809 2743 26,
1857 2659 1941 2723 65
1979 2680 2087 2723 nee
2120 2660 2467 2725 Homerwm
2512 2664 2717 2747 audio,

265 2769 376 2848 qui
411 2766 834 2849 Ganymedem
875 2769 1222 2849 disq-aptum
1267 2767 1360 2830 ait
1390 2770 1647 2847 propter
1686 2764 1959 2845 formam
2002 2769 2075 2831 ut
2107 2763 2248 2830 Iovi
2292 2764 2488 2831 bibere
2530 2768 2717 2833 mini-

263 2878 507 2939 straret.
572 2874 706 2939 Liv.
743 2872 886 2960 XL,
925 2874 1007 2937 47
1057 2877 1128 2937 ut
1169 2872 1362 2936 bibere
1407 2872 1524 2935 sibi
1557 2872 1798 2935 ⁴iuberet
1839 2872 1999 2935 dari.
2081 2870 2229 2935 inde
2276 2873 2472 2937 etiam
2528 2873 2737 2939 facile-

265 2970 671 3067 intelle'gitur
699 2980 762 3045 N
767 2978 1199 3065 aegelsbachii
1212 2976 1262 3064 l)
1299 2981 1713 3062 praeceptum
1742 2998 1869 3061 quo
1906 2977 1961 3040 is
1999 2978 2241 3042 tirones
2270 3000 2492 3043 cavere
2520 2980 2717 3060 iubet,

265 3111 347 3153 ne
393 3089 612 3172 ipsum
650 3087 1071 3172 gerundivum
1117 3107 1234 3170 pro
1276 3084 1526 3149 obiecto
1563 3082 1878 3166 habeant,
1923 3082 2287 3167 falsumque
2334 3086 2464 3149 tale
2510 3108 2717 3151 exem-

266 3196 446 3280 plum
506 3214 646 3259 esse
701 3193 973 3274 iudicat,
1039 3191 1226 3275 quale
1281 3191 1392 3256 sit:
1467 3187 1871 3254 delendum
1934 3195 2247 3272 pontem
2314 3191 2715 3277 impedire.

267 3324 389 3367 nos
436 3322 657 3366 veram
695 3300 1016 3365 rationem
1055 3318 1130 3362 eo
1177 3298 1319 3381 ipso
1365 3295 1819 3380 indicavimus,
1866 3295 2037 3380 quod
2084 3298 2228 3362 usui
2275 3298 2713 3382 praedicativo

264 3410 427 3474 haec
465 3406 778 3493 gerundia
815 3404 1244 3471 attribuimus,
1319 3406 1469 3469 sunt
1507 3406 1749 3486 autem,
1796 3424 1959 3487 quae
1996 3402 2121 3467 huc
2160 3406 2454 3485 spectant
2492 3405 2712 3469 verba:

265 3517 582 3598 habere,
644 3514 978 3596 tradere,
1041 3511 1440 3595 praebere,
1515 3531 1839 3593 sumere,
1904 3510 2330 3594 suscipere,
2394 3513 2712 3596 permit-

267 3629 458 3701 tere,
522 3620 990 3704 relinquere,
1053 3610 1366 3703 poscere
1437 3612 1635 3703 (apud
1703 3614 2057 3703 Tacitum);
2126 3618 2410 3702 locare,
2475 3620 2712 3683 relin-

267 3751 527 3815 quere,
582 3727 980 3810 suscipere
1029 3725 1227 3811 (apud
1275 3720 1651 3809 Velleium);
1711 3724 1919 3807 dare,
1980 3723 2440 3803 attribuere,
2496 3748 2713 3808 prae-

266 3837 452 3899 bere
499 3834 698 3921 (apud
736 3829 1160 3916 Sallustium).
1203 3867 1276 3875 —
1329 3830 1634 3913 Inprimis
1674 3829 2029 3895 notandum
2068 3833 2167 3893 est
2205 3830 2384 3893 verbi
2423 3853 2715 3914 curare,

272 3943 445 4028 quod
503 3940 674 4025 apud
721 3939 1022 4004 classicos
1085 3938 1430 4020 scriptores
1486 3938 1553 4001 in
1614 3937 1859 4002 deliciis
1914 3938 2214 4021 habetur,
2278 3938 2527 4001 nullum
2592 3960 2713 4002 nos

264 4048 591 4114 invenisse
649 4047 1036 4129 exemplum,
1094 4048 1162 4107 at
1217 4046 1467 4127 septem
1515 4043 1724 4109 Taciti
1781 4045 1940 4110 loeis
1990 4044 2257 4109 verbum
2303 4044 2587 4108 habere
2637 4067 2713 4107 ex

267 4154 687 4219 similitudine
737 4151 1075 4216 verborum
1132 4150 1466 4233 tradere,
1514 4152 1971 4233 permittere
2028 4151 2298 4215 aliorum
2346 4173 2486 4214 esse
2533 4173 2711 4214 usur-

265 4267 514 4346 patum.
586 4260 712 4324 hoc
756 4257 966 4323 Taciti
1013 4258 1212 4322 solius
1258 4254 1511 4322 videtur
1555 4258 1889 4342 proprium
1936 4280 2093 4322 esse.

445 4366 785 4431 Pertinent
829 4364 976 4429 huc:
1039 4362 1188 4428 Tac.
1228 4386 1375 4429 ann.
1413 4363 1527 4448 IV,
1562 4365 1650 4428 40
1684 4384 1866 4446 posse
1908 4363 2111 4445 ipsam
2156 4362 2407 4429 Isc‘viam
2452 4370 2715 4431 statuere

261 4476 616 4541 nubendum
649 4477 794 4555 post
836 4471 1121 4536 Drusum
1167 4492 1254 4536 an
1298 4472 1369 4534 in
1400 4471 1733 4551 penatibus
1777 4470 1969 4536 isdem
2026 4470 2412 4536 tolerandum
2456 4470 2714 4537 haberet.

413 4685 468 4753 1)
505 4682 626 4737 Lat.
669 4681 780 4738 stil.
814 4699 870 4751 p.
911 4685 994 4735 99.
