3303 5235
1077 331 1160 385 De
1197 331 1485 402 participii
1520 333 1723 387 natura
1758 331 2042 386 nominali.
2690 330 2776 393 29

341 500 532 580 atque
573 492 1123 578 elegantissimum
1161 516 1300 558 esse
1341 498 1614 560 constat.
1657 531 1732 540 —
1776 493 2259 560 consideranda
2293 493 2568 578 denique
2604 495 2781 557 certa

332 601 643 687 quaedam
691 599 939 683 species
987 602 1112 683 est,
1158 600 1339 664 cuius
1387 599 1650 664 Tacitus
1698 601 1874 665 solus
1922 603 2147 664 auctor
2192 622 2265 664 ac
2310 604 2619 685 patronus
2664 621 2781 664 no-

331 708 567 774 minari
620 709 866 791 potest,
940 707 1111 791 quod
1173 728 1380 791 neque
1448 708 1527 771 ab
1586 707 1729 770 aliis
1788 706 2208 790 scriptoribus
2274 728 2416 772 eam
2480 705 2782 790 repetivit

329 835 538 900 neque
579 837 656 878 ex
693 812 922 878 Tacito
959 813 1028 876 in
1066 813 1344 878 aliorum
1385 814 1772 896 scriptorum
1808 813 2337 878 consuetudinem
2373 816 2782 897 transgressa

333 924 450 986 est.
524 923 946 986 conservatur
992 923 1205 984 autem
1263 920 1380 984 illa
1432 920 1797 1004 proprietas
1847 919 1949 983 his
2000 920 2330 984 annalium
2375 919 2682 1002 exemplis
2728 917 2779 1001 Ι,

336 1027 423 1091 50
468 1025 735 1092 Caecina
773 1075 998 1090 .....
1045 1027 1354 1091 obstantia
1405 1027 1709 1090 silvamm
1764 1026 2015 1090 amoliri
2059 1025 2313 1089 iubetur.
2388 1025 2448 1108 Ι,
2494 1024 2579 1089 53
2637 1029 2781 1088 tum

333 1134 558 1198 milites
604 1134 690 1198 ad
740 1134 978 1197 eaedem
1032 1134 1210 1198 missi
1255 1135 1531 1198 invevwre
1573 1134 1644 1197 in
1679 1133 2061 1214 prominent-i
2107 1133 2323 1197 litoris,
2408 1131 2468 1214 I,
2516 1132 2601 1197 65
2647 1132 2782 1196 bar-

333 1240 474 1318 bari
626 1291 639 1304 .
678 1290 692 1304 .
749 1240 908 1303 triwi
950 1260 1167 1304 sonore
1217 1239 1484 1304 subiecta
1528 1231 1791 1304 vallium
1846 1259 1919 1303 ac
1970 1238 2327 1302 resultantis
2380 1238 2578 1302 saltus
2630 1258 2783 1302 com-

323 1347 582 1428 plerent.
651 1343 744 1429 ΙΙ,
794 1346 876 1410 16
929 1336 1002 1409 'ut
1043 1347 1219 1428 ripae
1261 1345 1544 1426 fluminis
1589 1347 1808 1410 cedunt
1857 1351 1971 1410 aut
2013 1345 2438 1427 prominentia
2482 1346 2784 1408 montium

338 1453 649 1516 resistunt.
719 1451 907 1515 huius
955 1474 1108 1516 usus
1155 1451 1502 1516 insolentia
1548 1453 1615 1514 in
1662 1473 1737 1516 eo
1786 1451 2098 1535 cernitur,
2154 1451 2324 1536 quod
2369 1451 2781 1535 participium

343 1557 699 1641 praesentis
740 1553 926 1640 (perf.
961 1557 1024 1640 I,
1063 1555 1179 1645 65)
1227 1557 1478 1641 generis
1516 1559 1841 1642 neutriuS,
1889 1557 2282 1622 substantivi
2319 1557 2455 1621 vice
2501 1555 2780 1642 fungens

340 1685 608 1748 cumque
655 1663 955 1747 genetivo
1002 1665 1136 1728 veri
1183 1664 1573 1729 substantivi
1621 1664 2035 1729 coniunctum
2071 1667 2423 1747 usurpatur
2466 1686 2586 1747 pro
2635 1665 2781 1728 sub-

339 1770 620 1835 stantivo
658 1770 752 1833 ita
793 1792 939 1834 cum
974 1770 1317 1854 participio
1355 1770 1717 1853 coniuncto,
1754 1772 1827 1834 ut
1863 1773 2204 1853 utrumque
2243 1768 2462 1832 eodem
2497 1791 2783 1855 numer0‚

335 1897 522 1960 casn,
569 1896 805 1960 genere
852 1879 1088 1940 utatur.
1172 1898 1244 1940 ac
1291 1876 1519 1940 leviter
1571 1897 1709 1939 rem
1763 1875 2047 1941 intuenti
2100 1875 2207 1940 hic
2254 1875 2506 1940 dicendi
2551 1875 2780 1941 modus

336 2005 414 2046 ex
467 1982 671 2046 nimio
728 1982 1027 2046 inusitati
1089 1982 1304 2046 studio
1363 1985 1542 2047 ortus
1589 2003 1729 2045 esse
1775 1980 2046 2047 videtur.
2130 1982 2240 2046 sed
2296 1985 2513 2046 tamen
2560 1982 2780 2046 discri-

336 2111 483 2154 men
523 2090 692 2153 inter
719 2090 1059 2172 utramque
1091 2092 1480 2154 structuram
1513 2077 1688 2178 haud
1726 2089 2030 2174 exiguum
2059 2092 2177 2157 est.
2241 2089 2779 2175 quemadmodum

341 2195 510 2259 enim
557 2195 626 2258 in
664 2195 1026 2258 elocutione
1063 2196 1390 2260 colendo
1429 2217 1693 2281 agrum
1739 2196 1948 2281 magis
1988 2196 2247 2260 effertur
2291 2196 2472 2261 notio
2511 2195 2784 2278 colendi,

345 2323 491 2364 cum
545 2302 614 2366 in
673 2301 996 2366 colendo
1062 2322 1254 2386 agro
1325 2302 1661 2372 amborum
1717 2302 2057 2366 verborum
2112 2302 2411 2366 notiones
2467 2303 2536 2366 in
2589 2324 2783 2366 unam

342 2411 655 2492 tanquam
694 2407 1087 2490 coalescant,
1135 2408 1228 2471 ita
1273 2428 1375 2471 me
1421 2407 1626 2471 iudice
1673 2408 1915 2472 locutio
1965 2407 2367 2472 obstantia
2415 2408 2784 2474 silvarum

345 2509 520 2598 (ann.
563 2511 624 2592 Ι,
670 2510 784 2598 50)
840 2534 913 2577 eo
975 2512 1187 2577 differt
1232 2515 1315 2578 ab
1362 2515 1774 2579 obstantes
1832 2515 2103 2598 silvae,
2158 2518 2231 2578 ut
2283 2514 2352 2577 in
2411 2514 2525 2578 illa
2578 2514 2786 2578 maior

344 2620 438 2684 vis
483 2621 805 2686 tribuatur
849 2621 1046 2685 verbo
1095 2621 1496 2707 obstantia
1548 2622 1766 2706 itaque
1820 2622 2063 2687 locutio
2109 2621 2513 2686 obstantia
2550 2621 2787 2685 silva-

343 2748 505 2790 rum
549 2728 815 2812 propius
862 2727 1125 2792 accedat
1169 2727 1250 2790 ad
1297 2727 1389 2812 id,
1437 2727 1607 2812 quod
1656 2732 1756 2791 est
1800 2727 2185 2793 universitas
2231 2731 2305 2792 ut
2349 2728 2444 2791 ita
2492 2727 2777 2792 dicamus

341 2833 748 2898 obstantium
778 2834 1102 2899 silvarum.
1148 2856 1354 2918 neque
1385 2834 1579 2898 aliam
1609 2855 1749 2899 esse
1777 2835 2094 2899 rationem
2133 2856 2467 2900 censemus
2496 2835 2786 2899 locorum

343 2962 494 3004 ann.
539 2939 598 3021 I,
647 2939 750 3004 53.
822 2942 879 3025 Ι,
929 2940 1031 3005 65.
1097 2938 1189 3022 ΙΙ,
1239 2940 1339 3004 16.
1413 2941 1580 3005 sicut
1622 2939 1684 3025 Ι,
1731 2940 1815 3005 53
1872 2941 1941 3004 in
1994 2942 2469 3025 prominenti
2523 2939 2788 3005 litoris

341 3046 682 3129 genetivus
744 3046 1094 3130 partitivus
1167 3045 1436 3110 litoris
1499 3045 1818 3130 dependet
1883 3047 1959 3110 de
2022 3048 2520 3131 prominenti,
2589 3068 2787 3132 quare
2855 3038 2864 3042 ”

348 3152 700 3217 cavendum
767 3155 891 3236 est,
960 3174 1043 3215 ne
1109 3154 1348 3216 vertas:
1427 3174 1512 3217 an
1567 3153 1712 3217 dem
1771 3153 2443 3238 hervorspringenden
2508 3152 2789 3238 gestade,

352 3257 544 3342 (quod
591 3262 764 3324 esset
809 3260 886 3322 in
929 3259 1409 3342 prominenti
1453 3261 1690 3325 litore
1738 3264 1804 3324 et
1852 3263 2058 3324 totam
2097 3282 2277 3324 oram
2314 3261 2789 3343 prominentem

345 3362 546 3429 fuisse
591 3363 1014 3451 significaret)
1065 3364 1202 3428 sed:
1260 3387 1343 3429 an
1391 3366 1598 3431 einem
1653 3366 2206 3451 vorspringenden
2260 3364 2457 3430 theile
2514 3367 2624 3431 des
2682 3386 2789 3451 ge—

343 3470 580 3536 stades.
654 3471 831 3535 haud
875 3471 1067 3536 dubie
1117 3474 1333 3536 autem
1377 3473 1483 3537 hic
1531 3496 1686 3537 usus
1732 3473 2061 3557 profectus
2109 3475 2208 3536 est
2253 3473 2335 3537 ab
2386 3472 2787 3557 simpliciori-

341 3576 464 3641 bus
527 3578 964 3643 locutionibus
1030 3578 1254 3663 quales
1319 3581 1499 3643 sunt:
1573 3579 1955 3643 incertum
2018 3578 2330 3643 itineris
2389 3615 2473 3624 —
2533 3578 2791 3645 subita

345 3682 553 3748 belli.
645 3706 851 3768 neque
915 3684 1244 3748 artificiosi
1308 3686 1640 3750 cuiusdam
1698 3685 2015 3750 sermonis
2081 3685 2364 3749 studium
2428 3707 2625 3750 causa
2688 3689 2790 3749 est

345 3788 536 3854 huius
583 3791 694 3855 rei.
772 3792 1011 3855 etenim
1059 3790 1114 3854 si
1153 3790 1324 3855 dicas
1372 3791 1751 3856 incertum
1796 3791 2138 3875 itineris,
2185 3813 2262 3855 ex
2302 3792 2497 3858 variis
2536 3792 2789 3859 itineris

351 3896 622 3965 alicuius
659 3897 1018 3962 rationibus
1065 3897 1180 3960 illa
1215 3897 1623 3980 potissimum
1662 3896 2027 3981 respicitur,
2076 3919 2238 3980 quae
2284 3898 2354 3961 in
2398 3900 2648 3981 partem
2694 3897 2791 3959 in-

347 4002 510 4065 certi
557 4003 744 4068 cadit.
827 4026 867 4067 a
913 4026 1039 4088 quo
1088 4024 1280 4068 sensu
1335 4003 1438 4068 vel
1485 4004 1762 4067 maxime
1812 4003 2158 4068 abhorrere
2212 4004 2593 4067 incertum
2640 4003 2793 4067 iter

350 4106 625 4173 libenter
670 4131 892 4174 omnes
948 4108 1318 4174 concedent.
1398 4109 1524 4172 alia
1580 4110 1873 4193 exempla
1927 4108 2116 4173 affert
2158 4108 2448 4193 Draeger
2462 4106 2511 4193 ¹)
2569 4130 2791 4193 quam-

348 4233 540 4295 quam
588 4213 656 4278 in
705 4215 1007 4280 omnibus
1052 4215 1382 4299 primitiva
1431 4216 1611 4279 notio
1661 4216 1865 4299 partis
1913 4236 2067 4280 sane
2117 4216 2447 4279 asservata
2492 4236 2626 4280 non
2675 4218 2790 4279 est.

342 4323 674 4403 postremo
725 4320 792 4385 id
849 4343 1186 4387 monemus
1249 4341 1380 4385 non
1445 4342 1584 4387 esse
1641 4343 1795 4386 casu
1851 4320 2121 4404 factum,
2176 4322 2249 4384 ut
2302 4318 2373 4385 in
2428 4321 2792 4405 annalibuS,

345 4516 772 4524 -.———————-—-—-

492 4656 544 4723 1)
583 4652 705 4709 Stil.
746 4651 874 4709 Tac.
915 4675 965 4725 p.
1007 4661 1091 4711 28.
