3303 5235
870 344 952 398 De
989 343 1415 416 participiorum
1454 361 1558 398 usu
1593 345 2000 415 praedicativo,
2536 345 2666 410 109

535 560 612 626 M.
679 561 768 632 ne
815 560 1106 627 ablativo
1153 560 1450 627 absoluto
1496 561 1831 646 participii
1871 561 2082 628 futuri
2126 562 2349 628 activi.

387 701 730 788 Participii
775 703 978 768 futuri
1023 703 1218 768 activi
1265 705 1564 770 absolute
1599 704 1801 788 positi
1850 704 2260 790 grammatici
2306 705 2413 770 vix
2459 727 2666 790 pauca

207 810 508 893 exempla
563 809 792 874 afferre
849 811 1085 896 solent,
1139 810 1295 895 quin
1352 812 1548 876 etiam
1605 811 1876 876 eundem
1930 812 2147 875 locum
2204 812 2367 876 alius
2416 833 2493 876 ex
2538 812 2667 876 alio

203 915 613 1000 exscribunt3
675 919 964 981 attamen
1011 918 1346 1001 complura
1401 917 1536 982 eius
1592 917 1847 1002 generis
1896 939 2097 1003 eaque
2152 917 2669 983 luculentissima

205 1023 510 1106 exempla
573 1022 744 1106 apud
807 1022 1105 1088 Tacitum
1169 1025 1238 1088 in
1301 1028 1607 1108 promptu
1672 1026 1842 1088 sunt.
1931 1022 2219 1109 Draeger
2291 1024 2460 1089 hanc
2530 1045 2667 1089 rem

201 1127 396 1209 plane
450 1129 701 1213 omisit,
749 1151 1142 1215 quamquam
1180 1135 1296 1214 pro
1345 1153 1440 1215 eo,
1483 1129 1656 1214 quod
1700 1129 1922 1194 libello
1971 1129 2057 1194 de
2106 1129 2298 1196 stilo
2346 1133 2423 1194 et
2468 1135 2667 1214 synt.

206 1232 378 1298 Tac.
419 1236 787 1320 proposuit,
824 1237 1142 1321 respicere
1179 1236 1419 1302 debuit.
1473 1258 1550 1301 ac
1585 1235 1846 1301 classici
1884 1236 2232 1321 scriptores
2268 1236 2441 1301 hunc
2477 1259 2667 1301 usum

202 1340 478 1422 perinde
536 1363 610 1407 ac
663 1341 1014 1408 Sallustius
1073 1346 1137 1407 et
1182 1342 1470 1408 Velleius
1529 1341 2049 1408 constantissime
2104 1347 2511 1428 respuerunt,
2558 1366 2669 1408 ne·-

204 1467 324 1529 que
392 1448 619 1513 minus
683 1448 942 1514 Livium
1013 1472 1088 1515 eo
1153 1449 1548 1514 abstinuisse
1605 1471 1683 1513 ex
1748 1449 2006 1513 silentio
2063 1448 2449 1515 Kuehnastii
2518 1473 2667 1515 con-

203 1554 455 1640 cludas,
499 1559 720 1621 tamen
764 1579 964 1620 unum
1011 1556 1377 1641 exemplum
1423 1555 1659 1640 Zumpt
1682 1553 1731 1640 1)
1788 1555 1975 1620 affert
2028 1555 2143 1639 36,
2189 1556 2273 1620 41
2322 1556 2667 1622 Antiochus

202 1681 460 1726 securus
504 1663 837 1758 admodum
881 1665 956 1728 de
999 1663 1148 1728 bello
1177 1663 1463 1728 Romano
1507 1668 1642 1728 erat
1687 1668 1984 1744 tanquam
2027 1682 2155 1726 non
2200 1664 2561 1728 transituris
2594 1664 2668 1728 in

203 1767 439 1832 Asiam
483 1767 808 1835 Romanis.
855 1769 924 1833 in
969 1768 1180 1833 Taciti
1227 1769 1491 1854 scriptis
1536 1768 1698 1834 haec
1742 1772 2003 1852 praesto
2052 1772 2227 1834 sunt:
2274 1791 2420 1834 ann.
2454 1769 2539 1853 II,
2578 1771 2665 1835 80

204 1877 606 1940 consisterent
653 1877 725 1941 in
767 1877 900 1940 acie
942 1896 1070 1940 non
1112 1877 1492 1959 puynaturis
1544 1875 1845 1940 militibus
1898 1874 2005 1939 ubi
2048 1874 2337 1940 Pisonem
2382 1875 2460 1940 ab
2512 1876 2669 1957 ipsis

197 1987 523 2062 parentem
566 1971 880 2064 quondam
923 1983 1300 2064 afflellatum
1346 2034 1360 2049 .
1398 2033 1413 2048 .
1453 2034 1467 2048 .
1511 1983 1821 2048 vidissent.
1882 1980 2033 2046 hist.
2070 1981 2155 2065 ΙΙ,
2192 1983 2280 2046 32
2324 1984 2667 2065 irrupturis

211 2093 333 2152 tam
377 2089 632 2169 infestis
667 2088 1042 2153 nationibus.
1096 2088 1180 2166 Π,
1212 2090 1296 2154 86
1339 2090 1653 2172 flagrabat
1684 2091 1901 2171 inyens
1936 2089 2157 2154 bellum
2184 2089 2464 2172 Illyricis
2499 2110 2667 2154 ewer-

213 2195 432 2259 citibus
464 2196 688 2277 palam
733 2195 1205 2278 desciscentibuS,
1251 2197 1458 2260 ceteris
1499 2197 1823 2277 fortunam
1866 2195 2179 2260 secuturis.
2237 2194 2353 2278 III,
2382 2195 2467 2260 56
2502 2196 2669 2277 peri-

219 2302 472 2366 tissimis
517 2302 934 2366 centurionum
978 2302 1468 2367 dissentientibus
1503 2307 1564 2366 et
1603 2303 1663 2366 si
1704 2299 2161 2366 consulerentur
2204 2321 2349 2364 vera
2392 2303 2665 2366 dicturis,

219 2405 320 2490 IV,
365 2407 458 2472 39
504 2407 678 2473 haud
727 2409 1020 2489 defutura
1074 2411 1450 2474 consciorum
1509 2427 1721 2473 manu.
1779 2443 1859 2452 -
1909 2405 2215 2490 Inprimis
2264 2408 2663 2473 exhibendus

225 2535 352 2578 esse
416 2515 674 2580 videtur
727 2515 877 2580 hist.
925 2515 1052 2600 III,
1099 2516 1202 2580 56.
1305 2516 1428 2580 hoc
1495 2513 1669 2578 enim
1715 2512 2079 2597 exemplum
2134 2535 2348 2579 rarum
2413 2536 2530 2598 per
2592 2535 2661 2578 se

228 2620 431 2703 ipsum
472 2622 750 2687 rariores
796 2644 990 2705 quam
1023 2626 1237 2686 cetera
1279 2621 1713 2706 proprietates
1761 2643 1915 2705 prae
1964 2642 2031 2684 se
2076 2619 2220 2685 fert.
2292 2644 2424 2686 non
2470 2622 2663 2686 modo

221 2724 292 2789 de
330 2727 682 2811 participio
731 2729 1058 2793 obiectum
1104 2730 1437 2813 dependet,
1483 2728 1593 2793 sed
1642 2727 1841 2792 etiam
1886 2726 2011 2792 toti
2060 2727 2331 2792 ablativi
2377 2727 2662 2793 absoluti

218 2835 576 2897 structurae
623 2834 1024 2899 condicionis
1059 2835 1244 2900 notio
1283 2834 1506 2899 subest
1541 2838 1736 2917 atque
1776 2833 1913 2899 eius
1950 2834 2223 2920 generis,
2261 2835 2432 2920 quod
2470 2856 2665 2917 supra

216 2938 276 3003 in
321 2940 655 3024 participii
701 2940 822 3005 fut.
867 2943 988 3006 act.
1033 2962 1155 3004 usu
1201 2941 1540 3005 tractando
1590 2940 1710 3005 sub
1757 2938 1855 3004 IV
1901 2940 2263 3005 accuratius
2322 2941 2663 3025 explicavi-

220 3068 369 3112 mus,
405 3042 416 3051 ⁰
448 3068 655 3131 neque
701 3047 914 3111 minus
961 3046 1282 3111 notandus
1331 3049 1433 3110 est
1483 3044 1663 3110 locus
1709 3045 1861 3110 hist.
1907 3045 2023 3129 IV,
2068 3047 2182 3130 39,
2237 3050 2535 3130 spectans
2582 3047 2664 3111 ad

227 3172 348 3217 eam
415 3152 724 3236 speciem,
785 3174 950 3237 quae
1009 3154 1129 3217 sub
1190 3152 1251 3218 V
1313 3152 1648 3217 illustrata
1708 3153 1845 3236 est..
1904 3151 1974 3216 in
2033 3152 2417 3218 minoribus
2452 3152 2660 3216 Taciti

219 3259 474 3343 scriptis
525 3280 654 3324 non
700 3261 1056 3344 suppetunt
1100 3258 1408 3341 exempla.

212 3503 276 3571 N.
341 3508 436 3571 De
475 3506 765 3572 ablativo
803 3505 1098 3571 absoluto
1135 3505 1470 3590 participii
1513 3502 1785 3589 perfecti
1821 3504 2161 3571 verborum
2199 3504 2659 3590 deponentium.

391 3648 672 3714 Etiamsi
719 3650 1194 3715 concedendum
1243 3653 1342 3714 est
1386 3649 1748 3732 Romanos,
1793 3649 2160 3735 ubicunque
2204 3671 2307 3713 res
2355 3650 2664 3733 postulet,

215 3757 284 3817 ut
359 3755 729 3819 absolutum
803 3756 1217 3839 participium
1290 3754 1559 3839 perfecti
1626 3754 1937 3839 temporis
2014 3759 2321 3839 ponatur,
2397 3757 2661 3840 passivo

217 3880 450 3943 genere
505 3863 603 3927 uti
660 3863 885 3945 solere,
929 3866 1150 3927 tamen
1195 3863 1502 3945 permulti
1559 3862 1745 3925 valde
1803 3866 2023 3927 errant
2076 3862 2201 3927 viri
2256 3862 2459 3945 docti,
2500 3884 2661 3926 ecum

219 3966 538 4033 ablativos
578 3968 914 4033 absolutos
945 3969 1290 4032 verborum
1327 3967 1786 4053 deponentium
1824 3967 2093 4049 perfecti
2139 3968 2453 4051 temporis
2492 3968 2663 4050 apud

220 4070 546 4138 Romanos
601 4072 863 4138 omnino
921 4073 1196 4137 inveniri
1239 4075 1508 4159 negent,
1556 4095 1749 4158 quam
1798 4073 2169 4157 opinionem
2214 4072 2297 4139 H.
2343 4073 2595 4156 Rumpf
2608 4071 2661 4158 ²)

217 4178 350 4243 iure
379 4180 791 4263 impugnavit
819 4180 1168 4262 multisque
1197 4178 1510 4261 exemplis
1539 4177 1794 4243 refellit.
1858 4200 2054 4262 quare
2084 4185 2399 4263 quatenus
2427 4180 2551 4243 hoc
2580 4180 2663 4245 ad

219 4283 619 4368 Sallustium,
677 4284 1024 4369 Velleium,
1073 4285 1371 4351 Tacitum
1419 4286 1761 4369 pertineat,
1814 4286 2187 4350 docebimus
2244 4290 2436 4369 atque
2492 4270 2687 4370 apud·

358 4502 384 4549 1
455 4497 518 4551 L.
558 4496 647 4550 Gr.
756 4502 874 4551 643.

354 4498 411 4654 2}
456 4584 592 4638 Tres
649 4500 1150 4640 cgmmentationes
1208 4626 1219 4639 .
1261 4628 1272 4639 .
1315 4626 1326 4637 .
1375 4585 1600 4654 scripsit
1653 4586 1720 4642 H.
1772 4585 1997 4655 Rumpf.
2070 4585 2321 4640 Franoof.
2378 4586 2449 4639 ad
2506 4562 2671 4641 Moe--

219 4687 344 4724 num
386 4678 542 4728 1868.
