3303 5235
1211 331 1510 401 Appendix
1547 331 1756 386 critica.
2586 327 2712 392 135

437 496 670 560 Restat
705 500 778 559 ut
806 496 1122 578 dicamne,
1161 495 1312 578 quid
1341 517 1459 561 nos
1491 495 1868 559 sentiamus.
1932 513 2008 558 ac
2038 493 2570 577 proficiscendum
2611 515 2713 556 me

243 603 458 669 iudice
491 608 592 668 est
627 627 665 667 a
702 603 952 667 duobus
992 602 1287 667 vocibus:
1337 625 1594 668 verum
1635 639 1717 648 -—
1764 603 2221 686 certamina,
2258 623 2421 686 quae
2460 601 2715 664 sirecte

242 711 618 774 intellectae
649 712 854 792 erunt,
893 709 1080 773 nobis
1109 712 1419 792 tanquam
1450 710 1744 801 offerunt,
1785 714 1956 795 quod
1985 731 2103 795 pro
2132 708 2449 774 vocabulo
2479 708 2713 772 maio·

240 839 368 880 res
409 816 842 900 supplendum
882 816 992 898 sit,
1038 837 1193 880 nam
1232 816 1356 881 hoc
1409 821 1778 902 corruptum
1822 841 1963 884 esse
2000 816 2421 903 praecedente
2464 813 2710 879 Ioanne

239 923 568 988 Muellero
607 924 1030 1008 suspicamur,
1069 945 1458 1007 quamquam
1486 923 1782 990 Muelleri
1820 927 2259 991 coniecturam
2297 924 2505 1006 ipsam
2534 921 2713 985 reici-

237 1051 406 1093 111118.
478 1052 554 1094 ac
597 1029 1119 1093 coniunctionem
1165 1051 1424 1093 verum
1471 1029 1640 1094 idem
1679 1030 1891 1096 valere
1941 1055 2015 1098 ac
2062 1036 2399 1098 ceterum
2446 1026 2711 1093 confidi·

235 1159 409 1221 mus,
452 1137 636 1201 cuius
669 1137 1160 1221 significationis
1199 1157 1344 1201 cum
1383 1136 1551 1220 apud
1589 1139 1829 1204 multos
1867 1138 2249 1223 posterioris
2288 1137 2520 1201 aetatis
2562 1135 2713 1200 scri-

231 1248 498 1328 ptoreS‚
534 1248 673 1308 tum
705 1243 875 1328 apud
903 1243 1199 1307 Tacitum
1235 1244 1561 1308 luculenta
1599 1249 1857 1311 exstant
1884 1246 2191 1330 exempla.
2260 1245 2481 1328 itaque
2519 1263 2713 1306 enun-

231 1351 387 1415 tiati
441 1352 642 1416 verba
670 1372 926 1415 verum
962 1350 1148 1414 haec
1187 1351 1410 1415 nobis
1458 1374 1570 1436 qu.
1611 1375 1765 1437 squ,
1814 1353 2133 1418 artissime
2181 1350 2523 1415 cohaerere
2562 1370 2708 1415 cum

235 1458 782 1522 antecedentibus
831 1457 954 1521 sed
996 1458 1466 1541 praecipuus
1507 1459 1871 1524 adstricti
1908 1483 2020 1544 qu.
2060 1481 2217 1543 squ.
2263 1457 2709 1522 contendimus

233 1569 298 1628 et
330 1563 666 1628 vocabulo
706 1585 966 1628 verum
997 1593 1080 1615 =
1112 1569 1447 1628 ceterum
1487 1586 1647 1649 opus
1680 1589 1820 1631 esse
1848 1567 1997 1630 inde
2027 1569 2314 1650 apparet,
2351 1563 2521 1647 quod
2553 1563 2711 1648 legi-

229 1672 447 1735 timus
502 1670 814 1734 orationis
863 1670 1020 1735 ordo
1069 1671 1402 1737 enuntiato
1450 1672 1604 1736 nisi
1655 1672 1859 1738 forte
1907 1673 2135 1737 rebus
2184 1671 2484 1736 cunctis
2532 1720 2547 1734 .
2586 1720 2601 1735 .
2639 1721 2653 1734 .
2692 1718 2705 1732 .

227 1777 629 1842 imitanda
666 1777 1006 1859 posteris
1055 1778 1249 1841 tulit
1294 1778 1802 1862 interrumpitur.
1867 1801 2059 1863 porro
2100 1778 2253 1863 quid
2294 1799 2429 1841 voc.
2468 1779 2712 1840 certa-

229 1887 456 1949 mina
513 1883 636 1947 sibi
693 1884 847 1947 velit
903 1885 1259 1968 quaeritur,
1312 1906 1468 1948 nam
1517 1885 1594 1948 de
1638 1885 1901 1949 notione
1948 1885 2139 1950 huius
2186 1885 2361 1949 vocis
2410 1884 2701 1966 quaestio

233 1994 394 2076 plus
445 1991 740 2055 minusve
788 1991 1244 2075 praetermissa
1290 1993 1415 2055 est:
1462 1992 1651 2056 nobis
1694 1995 1909 2056 autem
1959 1992 2039 2055 ad
2085 1994 2297 2056 locum
2346 1989 2705 2056 sanandum

230 2099 600 2183 plurimum
649 2097 862 2161 valere
901 2096 1170 2160 videtur.
1245 2119 1372 2181 qua
1417 2099 1588 2161 enim
1635 2098 1705 2161 in
1751 2121 1819 2161 re
1860 2102 2157 2162 constare
2195 2098 2309 2161 illa
2347 2097 2704 2162 certamina

231 2204 604 2290 putemus?
670 2202 1188 2268 contenderimus
1235 2203 1303 2267 in
1351 2204 1539 2268 bonis
1591 2205 1881 2269 moribus
1929 2202 2262 2268 imitandis
2309 2226 2471 2269 neve
2526 2204 2705 2267 dubi-

207 2314 524 2376 'tarimus
593 2311 752 2374 haec
818 2309 1172 2373 certamina
1235 2310 1474 2374 referre
1543 2312 1623 2375 ad
1690 2309 2072 2394 Vespasiani
2136 2311 2368 2375 aetatis
2424 2331 2710 2374 amorem

234 2418 619 2484 aemulandi
675 2415 837 2502 (scil.
894 2417 1160 2499 bonum,
1225 2416 1599 2501 honestum,
1665 2419 1871 2483 bonos
1928 2415 2200 2500 mores),
2266 2417 2376 2501 qui
2440 2416 2713 2482 validior

241 2529 412 2608 erat,
460 2545 657 2608 quam
702 2545 949 2606 poena
987 2545 1074 2586 ex
1118 2523 1424 2607 legibus
1465 2527 1538 2588 et
1573 2527 1843 2588 metus,
1916 2524 2102 2588 haec
2139 2544 2273 2588 voc.
2304 2524 2511 2608 igitur
2547 2523 2712 2587 nihil

251 2632 432 2695 aliud
469 2632 824 2717 significat,
871 2652 1065 2713 quam
1103 2629 1493 2714 Vespasiani
1532 2632 1767 2697 aetatis
1806 2632 2161 2695 certamina
2197 2630 2497 2715 honesta,
2546 2652 2709 2716 quae

240 2739 374 2803 etsi
413 2738 776 2804 Domitiani
814 2737 1084 2819 imperio
1118 2736 1450 2803 deminuta
1479 2744 1650 2823 sunt,
1693 2743 1914 2803 tamen
1958 2741 2465 2821 permanserunt.
2529 2757 2711 2820 prae-

235 2849 434 2908 terea
486 2844 840 2927 quaeritur,
887 2843 1040 2927 quid
1089 2865 1205 2926 pro
1247 2866 1404 2908 voce
1453 2846 1812 2929 maiores,
1858 2845 1928 2907 in
1975 2867 2103 2929 qua
2140 2844 2571 2928 corruptelam
2617 2843 2713 2906 in-

230 2972 398 3016 esse
475 2950 1012 3013 verisimillimum
1089 2949 1342 3013 videtur
1412 2951 1823 3016 coniciamus,
1897 2950 2115 3036 itaque
2190 2952 2247 3015 si
2317 2950 2468 3035 quid
2542 2949 2711 3013 vide-

231 3079 398 3123 mus
444 3057 757 3121 vocabulo
797 3056 1126 3119 maiores
1174 3056 1241 3117 in
1287 3077 1573 3120 morum
1625 3059 1872 3121 mutato
1921 3078 2052 3120 non
2092 3057 2258 3121 male
2304 3056 2484 3120 locus
2526 3076 2711 3119 sana-

226 3170 384 3248 tur,
431 3167 508 3227 ut
563 3163 824 3246 egregia
877 3163 1219 3226 verborum
1267 3162 1755 3227 continuatione
1807 3168 1873 3227 et
1918 3162 2197 3226 dilucida
2243 3162 2709 3226 sententiarum

227 3268 712 3355 perspicuitate
773 3267 1145 3331 vertendum
1203 3269 1312 3331 sit:
1370 3270 1735 3353 iibrigens
1798 3275 2013 3353 moge
2075 3268 2327 3332 dieser
2392 3267 2713 3331 ehrbare

229 3374 733 3458 wettkampf‚
787 3374 916 3439 der
969 3397 1130 3438 zum
1186 3374 1444 3457 object
1509 3375 1627 3438 die
1692 3378 1871 3458 gute
1938 3374 2122 3438 sitte
2186 3373 2345 3457 hat,
2410 3373 2709 3437 forthe-

229 3481 547 3548 stehen.

432 3598 608 3652 Arm.
645 3597 844 3665 m,
873 3598 958 3651 26
1011 3607 1122 3650 nec
1158 3607 1347 3669 orave
1389 3588 1795 3651 manumissis
1826 3608 1945 3669 per
1979 3588 2140 3651 idem
2176 3587 2523 3668 obsequium
2566 3587 2711 3649 reti-

229 3696 446 3781 nendi
493 3696 828 3759 libertatem
867 3714 979 3775 per
1024 3696 1186 3773 quod
1229 3697 1486 3759 assecuti
1528 3700 1689 3759 sunt.

436 3801 616 3865 Haec
662 3806 815 3866 sunt
869 3801 1102 3865 ultima
1147 3802 1344 3865 verba
1400 3802 1660 3884 capitiS‚
1718 3801 1891 3886 quod
1948 3800 2130 3865 foede
2178 3804 2547 3884 corruptum
2596 3806 2711 3865 est.

237 3908 562 3993 inprimis
611 3908 1036 3972 examinanda
1084 3911 1270 3970 erunt
1314 3908 1538 3972 verba:
1595 3928 1704 3972 nec
1749 3909 2021 3991 deerant,
2076 3908 2184 3989 qui
2228 3913 2554 3990 censerent,
2610 3910 2715 3973 sed

234 4015 528 4081 consules
553 4016 848 4079 relatione
881 4016 1148 4095 incipere
1183 4034 1310 4077 non
1337 4015 1479 4079 ausi
1503 4015 1725 4096 iqnaro
1750 4015 2037 4096 principe
2060 4014 2469 4095 perscripsere
2508 4019 2713 4078 tamen

235 4124 304 4187 ei
365 4140 716 4187 consensum
775 4128 1040 4187 senatus.
1131 4122 1237 4185 ille
1289 4141 1375 4185 an
1433 4125 1650 4185 auctor
1704 4121 2152 4186 constitutionis
2205 4120 2377 4201 fieret
2425 4126 2497 4184 ut
2548 4122 2712 4186 inter

218 4248 479 4314 paucos
524 4234 582 4293 et
622 4230 956 4295 sententiae
999 4231 1280 4293 adversos
1337 4228 1711 4309 quibusdam·
1759 4228 2048 4293 coalitam
2100 4227 2175 4289 in
2230 4226 2500 4290 libertate
2552 4249 2711 4293 reve·-

229 4338 520 4402 rentiam
557 4357 621 4400 eo
646 4337 1014 4418 prorupisse
1046 4336 1444 4416 frementibus
1487 4336 1558 4398 ui
1600 4356 1679 4399 ne
1714 4354 1800 4398 an
1840 4354 2031 4416 aequo
2068 4354 2207 4399 cum
2242 4336 2533 4414 patronis
2576 4336 2713 4400 iure

229 4448 502 4527 ayerent
542 4444 906 4507 seutentiam
950 4462 1162 4505 eorum
1206 4442 1599 4506 consularem
1641 4463 1715 4505 ac
1757 4440 2097 4505 verberibus
2140 4460 2366 4504 manus
2410 4442 2572 4505 ultro
2616 4443 2711 4505 in-

233 4551 562 4616 tenderent
603 4550 898 4632 impulere
941 4548 1033 4611 vel
1065 4568 1338 4629 poenam
1382 4568 1563 4612 suam
1609 4549 2045 4613 dissuadentes.

435 4655 676 4720 Locum
734 4656 1076 4720 admodum
1133 4655 1435 4719 mutilum
1499 4676 1640 4719 esse
1698 4654 2113 4720 manifestum
2171 4654 2451 4738 videtur,
2514 4676 2709 4737 quare
