3303 5235
974 306 1056 361 De
1093 306 1517 377 participiorum
1552 309 1755 360 natura
1790 305 2021 361 verbali.
2592 301 2715 368 121

269 467 662 534 othoniensis
722 470 851 548 fuit
905 470 1120 533 omnia
1179 472 1405 534 ducum
1464 472 1636 550 facta
1678 491 1876 551 prave
1928 468 2411 534 aestimantibus.
2492 467 2583 550 ΙΙ,
2631 469 2719 532 30

266 575 680 640 munientibus
725 580 932 640 castra
975 575 1258 640 allatum.
1352 576 1413 640 ΙΙ
1428 628 1445 661 ‚
1490 578 1576 640 50
1643 581 1917 658 tempora
1958 575 2401 657 reputantibus·
2497 574 2555 638 ll
2572 625 2589 656 ,
2635 573 2720 637 99

259 683 594 763 perfidiam
629 681 972 746 meditanti.
1066 679 1130 744 ΙΙ
1143 731 1158 760 ,
1211 682 1337 745 100
1382 683 1590 748 Basso
1635 685 1843 748 eadem
1888 683 2165 746 molienti
2208 684 2415 746 minor
2457 679 2721 760 difficul-

265 792 362 852 tas
408 793 558 852 erat.
641 786 763 870 III,
804 789 844 851 6
889 787 1166 852 Antonio
1213 789 1566 854 vexillarios
1609 811 1641 853 e
1684 789 2025 854 cohortibus
2070 795 2128 853 et
2158 794 2407 873 partem
2452 789 2723 869 equitum

261 896 351 958 ad
389 895 805 958 invadendam
851 894 1114 958 Italiam
1166 897 1454 976 rapienti.
1537 894 1664 980 ΙΙΙ,
1710 897 1792 960 27
1858 897 1931 960 ni
1988 897 2167 960 duces
2219 897 2378 977 fesso
2434 894 2625 959 militi
2668 899 2727 958 et

263 1001 428 1066 velut
471 1002 690 1065 irritas
723 1001 1168 1067 exhortationes
1207 1003 1506 1068 abnuenti
1542 1001 1908 1068 Cremonam
1943 1007 2398 1068 monstrassent.
2480 1001 2603 1084 ΙΙΙ,
2632 1002 2716 1066 38

263 1109 606 1174 sciscitanti
649 1128 920 1173 causam.
1003 1108 1088 1172 ib.
1139 1129 1399 1174 causam
1443 1110 1821 1189 confusionis
1865 1110 2199 1190 quaerenti.
2294 1108 2423 1192 ΙΙΙ,
2472 1108 2557 1172 75
2616 1108 2717 1172 Vi-

267 1215 471 1279 tellius
525 1215 792 1280 consulis
850 1215 1222 1296 supplicium
1263 1217 1539 1298 poscenti
1583 1215 1815 1297 populo
1872 1216 2111 1280 restitit.
2210 1212 2312 1277 III
2323 1265 2340 1296 ,
2386 1213 2472 1277 23
2534 1217 2727 1278 crates

268 1323 594 1403 vineasque
616 1321 994 1403 parantibus
1029 1324 1284 1388 adactae
1331 1324 1644 1388 tormentis
1680 1323 1959 1386 ardentes
2003 1321 2231 1386 hastae.
2304 1317 2418 1403 III,
2450 1320 2536 1384 62
2581 1319 2726 1384 haec
2803 1369 2815 1380 .

269 1429 703 1494 meditantibus
758 1429 1006 1494 advenit
1045 1431 1476 1512 proficiscendi
1531 1429 1707 1494 hora.
1797 1427 1923 1512 ΙΙΙ,
1971 1429 2055 1492 63
2115 1448 2339 1492 novum
2394 1427 2726 1509 imperium

269 1534 710 1600 inchoantibus.
799 1534 951 1620 Agr.
1005 1535 1084 1599 18
1131 1537 1234 1600 eui
1275 1537 1643 1620 inyredienti
1677 1535 2086 1618 provinciam.
2178 1532 2390 1597 Germ.
2429 1532 2472 1597 5
2515 1554 2725 1598 nume-

267 1663 375 1706 rus
414 1646 844 1724 arqentearum
886 1642 1139 1721 facilior
1174 1644 1319 1706 usui
1352 1643 1713 1724 promiscua
1746 1662 1821 1705 ac
1856 1641 2009 1706 vilia
2054 1639 2480 1704 mercantibus.
2556 1638 2724 1706 Vell.

268 1747 325 1834 1,
371 1731 454 1812 10
499 1762 696 1812 unum
733 1747 806 1812 P.
853 1747 1132 1829 Scipion-i
1168 1750 1240 1814 P.
1279 1749 1577 1830 Africani
1621 1749 1754 1830 filio
1800 1746 1962 1811 nihil
1996 1767 2071 1810 ex
2102 1750 2376 1828 paterna
2412 1747 2727 1810 maiestate

253 1857 510 1936 praeter
567 1853 820 1936 speciem
885 1855 1158 1920 nominis
1212 1857 1590 1938 viqoremque
1639 1855 2012 1936 eloquentiae
2067 1855 2355 1918 retinenti
2412 1854 2482 1917 in
2540 1854 2724 1934 adop-

267 1961 495 2024 tionem
557 1960 818 2024 dederat.
919 1959 1010 2043 11,
1063 1961 1142 2025 18
1209 1961 1281 2025 P.
1339 1961 1656 2044 Sulpicius
1712 1962 1997 2026 tribunus
2052 2011 2066 2025 .
2106 2011 2121 2026 .
2159 2012 2172 2024 .
2212 2010 2227 2026 .
2290 1981 2353 2025 se
2397 1958 2462 2024 C.
2508 1959 2725 2024 Mario

377 2117 392 2129 .
432 2116 445 2129 .
493 2067 694 2130 omnis
725 2067 1083 2148 provincias
1127 2071 1569 2150 concupiscenti
1613 2069 1891 2132 addiscit.
1977 2067 2066 2150 ΙΙ,
2104 2067 2191 2132 46
2240 2066 2461 2132 Crasso
2498 2066 2723 2131 bellum

270 2171 638 2237 Parthicum
692 2173 825 2236 iam
878 2173 1088 2237 animo
1134 2176 1409 2239 molienti
1453 2175 1645 2260 Syria
1702 2176 1954 2238 decreta.
2047 2172 2107 2236 ΙΙ
2120 2224 2136 2257 ,
2188 2175 2269 2237 72
2325 2174 2568 2238 nullum
2620 2174 2727 2237 ha-

269 2279 544 2344 bentibus
587 2284 817 2344 statum
869 2279 1120 2360 quilibet
1171 2282 1302 2344 dum
1345 2286 1480 2345 erat
1522 2283 1775 2346 idoneus
1829 2301 1967 2344 cum
2016 2280 2275 2360 fortuna
2328 2300 2454 2344 non
2499 2281 2727 2344 electio-

271 2407 412 2451 nem
446 2388 638 2468 daret,
671 2387 780 2450 sed
800 2388 1164 2470 perfuyium
1189 2389 1524 2452 ostenderet
1543 2388 1971 2469 exitialemquc
1999 2390 2406 2468 tempestatem
2428 2387 2723 2468 fuqienti-

277 2493 388 2557 bus
429 2494 610 2558 statio
643 2513 767 2574 pro
803 2499 993 2575 portu
1033 2492 1209 2573 foret.
1293 2491 1449 2558 Sall.
1495 2491 1634 2560 Cat.
1680 2495 1789 2577 16,
1826 2493 1869 2558 5
1914 2493 2039 2574 ipsi
2075 2492 2460 2558 consulatum
2492 2495 2727 2574 petenti

285 2620 502 2681 maana
546 2622 696 2683 spes.
789 2598 928 2665 Cat.
975 2601 1087 2683 27,
1136 2600 1177 2664 3
1235 2600 1341 2665 ubi
1385 2601 1584 2667 multa
1629 2600 1899 2683 aqitanti
1953 2599 2113 2665 nihil
2152 2601 2439 2682 procedit.
2522 2587 2635 2682 53,
2682 2601 2724 2665 2

273 2706 428 2769 mihi
493 2708 692 2771 multa
766 2707 984 2789 leqenti
1036 2706 1236 2771 multa
1297 2708 1589 2772 audienti.
1698 2706 1814 2790 53,
1860 2708 1903 2771 4
1968 2707 2124 2771 mihi
2195 2707 2395 2771 multa
2457 2708 2726 2789 agitanti

269 2812 603 2877 constabat.
686 2813 799 2899 86,
836 2814 877 2877 3
923 2812 1160 2877 homini
1191 2814 1537 2895 potentiam
1581 2814 1917 2895 quaerenti.
2004 2802 2157 2895 104,
2198 2813 2241 2876 4
2287 2813 2501 2895 leqatis
2547 2863 2561 2877 .
2601 2863 2613 2876 .
2653 2863 2666 2876 .
2716 2864 2730 2878 .

267 2918 616 2983 amicitiam
660 2922 717 2984 et
755 2920 970 3001 foedus
1003 2920 1346 3000 petentibus
1389 2918 1499 2983 hoc
1543 2922 1719 2984 modo
1765 2920 2255 3002 respondebatur.

417 3110 521 3165 IV.
570 3110 890 3180 Particlpli
927 3111 1268 3180 praesentis
1305 3127 1440 3167 cum
1477 3112 1823 3167 accusativo
1859 3110 2138 3177 iungitur
2175 3112 2575 3167 accusativus-

453 3236 600 3301 Tac.
645 3260 790 3302 ann.
839 3238 982 3321 XV,
1017 3240 1103 3303 29
1150 3241 1475 3306 Romanus
1519 3241 1739 3305 laudat
1782 3241 2057 3303 iuvenem
2094 3240 2336 3304 omissis
2369 3241 2726 3321 praecipiti-

272 3342 384 3409 bus
431 3349 564 3407 tuta
599 3350 656 3409 et
689 3323 998 3409 salutaria
1033 3353 1449 3428 capessentem.
1533 3346 1719 3429 XVI,
1754 3348 1832 3410 19
1882 3346 2168 3411 audiebat
2203 3348 2524 3426 referentes
2567 3346 2729 3410 nihil

271 3452 346 3514 de
400 3451 865 3516 immortalitate
917 3454 1166 3517 animae
1218 3459 1276 3518 et
1291 3465 1308 3481 ⁶
1327 3455 1701 3535 sapientium
1744 3454 2027 3534 placitis,
2080 3454 2189 3517 sed
2242 3454 2397 3517 levia
2442 3453 2729 3517 carmina

272 3562 327 3620 et
368 3557 585 3637 faciles
629 3578 852 3622 versus.
936 3561 1091 3643 Agr.
1147 3561 1225 3623 14
1271 3560 1545 3624 insu-lam
1591 3565 1663 3623 ut
1704 3561 1863 3623 vires
1908 3559 2225 3624 rebellibus
2270 3560 2726 3645 ministrantem

270 3684 609 3745 aqqressuS.
692 3664 838 3728 dial.
890 3668 921 3727 1
980 3687 1130 3747 quos
1174 3666 1426 3730 eandem
1479 3666 1639 3729 hanc
1683 3667 2097 3747 quaestionem
2140 3670 2587 3749 pertractantes
2632 3668 2729 3731 iu-

270 3791 448 3834 venes
493 3770 824 3834 admodum
869 3774 1098 3836 audivi.
1183 3774 1268 3837 23
1327 3772 1667 3837 laetissima
1713 3760 1983 3855 quaeque
2026 3772 2426 3853 antiquorum
2480 3774 2731 3838 imitan-

271 3882 410 3941 tem.
511 3875 677 3941 Vell.
726 3876 783 3959 1,
829 3878 872 3941 3
937 3876 1303 3943 Corinthum
1358 3928 1372 3941 .
1413 3928 1426 3943 .
1468 3929 1481 3941 .
1538 3880 1811 3943 claustra
1870 3879 2268 3959 Peloponnesi
2331 3880 2731 3944 continentem

273 4034 286 4048 .
329 4032 344 4046 .
385 4032 398 4047 .
445 3964 734 4048 condidit.
833 3983 924 4064 ΙΙ,
973 3986 1014 4048 3
1072 3986 1308 4049 irruere
1354 4038 1366 4050 .
1408 4036 1423 4051 .
1461 4036 1475 4050 .
1517 4036 1530 4049 .
1602 3989 1674 4050 in
1730 3986 2083 4050 Gracchum
2136 4034 2151 4049 .
2192 4035 2205 4049 .
2246 4034 2261 4049 .
2298 4033 2314 4049 .
2370 3987 2733 4050 concientcm
2767 4016 2771 4021 ’

265 4110 464 4170 paene
518 4091 702 4154 totius
755 4090 986 4154 Italiae
1035 4093 1460 4173 frequentiam.
1566 4092 1659 4175 ΙΙ,
1706 4094 1745 4157 6
1799 4112 2009 4173 parva
2061 4092 2412 4173 cupientem.
2503 4091 2595 4175 11,
2642 4094 2729 4156 46

272 4201 724 4277 tran-syressum
767 4197 1154 4279 Euphratem
1201 4196 1498 4265 Crassum
1546 4204 1967 4281 potentemque
2010 4197 2320 4262 Seluciam
2358 4247 2370 4260 .
2410 4248 2423 4262 .
2464 4247 2477 4261 .
2518 4249 2530 4262 .
2585 4197 2733 4263 Oro-

271 4304 378 4367 des
421 4322 554 4367 una
597 4324 737 4367 cum
770 4310 955 4385 parte
989 4306 1224 4369 maiore
1259 4305 1538 4370 Romani
1582 4307 1879 4370 exercitus
1920 4306 2236 4385 interemit.
2319 4303 2384 4368 ΙΙ
2394 4353 2409 4382 ,
2440 4306 2526 4369 60
2572 4308 2733 4371 inter

273 4410 652 4475 naturaliter
701 4412 1052 4477 simillimos
1105 4432 1179 4476 ac
1237 4414 1478 4477 diversa
1532 4414 1791 4477 volentes
1843 4412 2136 4476 crescebat
2190 4411 2413 4476 odium.
2504 4413 2597 4497 ΙΙ,
2645 4414 2731 4479 65

275 4517 660 4583 consularem
705 4524 1096 4599 praetextam
1126 4520 1498 4601 ‘iunyentem
1540 4519 1874 4600 praetorio.
1965 4517 2056 4598 ΙΙ,
2108 4518 2229 4581 113
2284 4520 2448 4598 quod
2500 4542 2734 4602 semper

277 4643 416 4687 eum
465 4624 794 4703 facientem
844 4626 973 4689 vidi
1024 4626 1094 4689 in
1149 4624 1432 4689 omnibus
1485 4624 1676 4690 bellis.
1752 4624 1846 4707 ΙΙ,
1900 4625 2025 4688 114
2079 4626 2478 4705 cmiferentem
2530 4646 2731 4693 arma.
