3303 5235
633 292 758 356 138
1578 292 1874 362 Appendix
1912 292 2123 348 critica.

628 450 986 540 patronis
1039 456 1202 520 iure
1259 457 1608 541 agerent,
1676 456 1803 520 sed
1860 456 2093 520 etiam
2150 477 2399 522 coram
2464 458 2915 524 insultarent
2960 485 3029 527 ac

630 561 1078 628 verberibus
1125 585 1390 628 manus
1438 563 1648 628 ultro
1707 563 2196 626 intenderent
2240 563 2545 647 impune
2588 567 2705 630 vel
2747 589 3029 650 poenam

632 692 838 736 suam
887 667 1175 734 derisui
1217 669 1607 734 habentes.

808 776 950 841 Iam
995 780 1380 862 argumenta
1426 777 1799 860 afferamus,
1854 797 1967 842 cur
2021 776 2114 841 ita
2168 777 2573 842 mutarimus.
2654 781 2797 844 ante
2852 783 3037 847 omnia

634 885 907 951 aliorum
953 882 1474 948 emendationem
1523 883 1909 968 adoptantes
1960 883 2227 948 verbum
2275 884 2670 950 consuluit
2712 886 2778 950 in
2821 891 3034 954 textum

631 992 1016 1076 recepimus,
1059 1011 1214 1056 nam
1261 993 1326 1054 et
1362 991 1562 1058 verbo
1607 991 1794 1056 finito
1842 1011 2003 1073 opus
2046 1011 2188 1055 esse
2234 989 2654 1056 manifestum
2692 998 2789 1058 est
2824 997 2883 1058 et
2922 1017 3033 1062 ver-

633 1100 790 1165 bum
834 1097 1230 1164 consuluit
1274 1099 1541 1180 propter
1585 1095 2077 1162 similitudinem
2121 1097 2455 1162 literarum
2513 1120 2651 1164 voc.
2696 1102 3035 1166 constitu-

633 1206 876 1272 tionis
913 1204 1226 1270 facillime
1264 1225 1641 1270 evanescere
1666 1203 1967 1287 'potuisse
2004 1203 2351 1269 admodum
2386 1205 2739 1272 verisimile
2774 1211 2881 1272 est.
2944 1210 3034 1274 sed

637 1313 810 1400 quod
857 1311 937 1377 ad
983 1311 1181 1377 verba
1235 1310 1310 1376 vi
1353 1331 1446 1374 ne
1495 1333 1586 1376 an
1631 1332 1876 1394 aequo
1920 1331 2090 1376 cum
2145 1312 2509 1395 patronis
2555 1313 2715 1378 iure
2762 1320 3039 1400 agerent

637 1417 1110 1486 sententiam
1147 1439 1402 1483 eorum
1439 1419 1986 1483 consultarent
2022 1417 2287 1501 attinet,
2333 1419 2509 1484 viam
2544 1418 2819 1504 ingressi
2855 1443 3038 1487 sumus

637 1525 1047 1609 emendandi,
1093 1547 1288 1610 quam
1333 1524 1544 1590 adhuc
1587 1545 1781 1589 nemo
1826 1521 2103 1588 fortasse
2148 1523 2313 1588 iniit.
2388 1547 2467 1589 ac
2511 1525 2895 1611 rationibus,
2934 1530 3039 1613 qui-

636 1636 756 1700 bus
793 1634 922 1698 nisi
961 1633 1238 1699 aliorum
1276 1633 1677 1698 coniecturas
1713 1631 2097 1710 refellimus,
2135 1630 2367 1696 iisdem
2403 1632 2645 1716 partim
2682 1633 2763 1698 ad
2797 1638 3037 1700 nostram

637 1746 898 1808 utamur
945 1740 1419 1806 stabiliendam.
1491 1740 1559 1806 in
1604 1739 1821 1806 verbis
1867 1739 2043 1803 enim
2090 1740 2573 1806 sententiam
2610 1761 2861 1808 eorum
2904 1763 3036 1808 con·

639 1848 1032 1913 saltarent
1068 1848 1542 1912 commutandis
1581 1845 1909 1912 cardinem
1947 1847 2113 1910 verti
2151 1867 2270 1930 pro
2310 1849 2488 1914 certo
2534 1848 2857 1914 habemus,
2925 1847 3032 1932 quid

641 1955 768 2020 sibi
815 1955 1018 2021 velint
1061 1974 1194 2018 non
1240 1953 1669 2037 intellegitur,
1728 1973 1814 2016 an
1859 1952 2133 2017 libertos
2180 1953 2389 2018 solere
2434 1955 2823 2032 sententiam
2865 1957 3040 2038 patro·

639 2082 871 2144 norum
917 2059 1318 2126 consultasse
1363 2061 1697 2143 putemus,
1742 2061 2093 2142 postquam
2140 2080 2349 2142 aequo
2396 2059 2539 2124 iure
2583 2083 2726 2126 cum
2771 2061 2847 2126 iis
2888 2080 3042 2144 agere

640 2168 774 2234 iam
836 2166 1078 2232 dudum
1131 2165 1557 2250 inceperunt?
1612 2165 1739 2230 hoc
1796 2186 1923 2249 quo
1982 2164 2323 2230 absurdius
2380 2168 2481 2230 est
2530 2172 2599 2234 et
2652 2168 2938 2251 ineptiuS,
2984 2189 3041 2230 eo

641 2276 854 2360 magis
901 2273 1268 2340 mirandum
1303 2272 1584 2358 videtur,
1631 2271 1803 2357 quod
1842 2293 2065 2336 omnes
2104 2271 2387 2338 editores
2436 2274 2646 2339 altum
2691 2272 2765 2338 de
2808 2274 2898 2338 his
2932 2296 3042 2338 ver-

641 2383 744 2447 bis
793 2381 1120 2446 silentium
1160 2380 1508 2446 observant
1544 2382 1803 2464 praeter
1848 2399 2049 2442 unum
2084 2375 2591 2463 Nipperdeyum.
2664 2382 2719 2446 is
2756 2381 2909 2446 enim
2943 2379 3041 2444 etsi

643 2511 776 2554 non
813 2492 1033 2574 aperte
1081 2487 1366 2552 declarat
1409 2487 1478 2551 in
1523 2487 1628 2551 his
1679 2486 1943 2551 vocibus
1986 2506 2127 2549 esse
2175 2485 2658 2573 offendendum,
2702 2489 2831 2572 ipse
2862 2491 3040 2552 tamen

643 2597 726 2662 iis
757 2595 1052 2679 offendit,
1091 2594 1241 2680 quia
1267 2615 1400 2659 non
1435 2592 1565 2659 nisi
1592 2591 2034 2676 transpositae
2062 2591 2145 2655 ab
2174 2612 2250 2657 eo
2285 2598 2566 2676 possunt
2594 2594 2891 2681 explicari.
2934 2593 3037 2657 huc

648 2704 914 2787 accedit,
934 2702 1107 2787 quod
1135 2704 1314 2767 certa
1352 2700 1670 2785 quaedam
1698 2699 2014 2784 gradatio,
2042 2720 2235 2783 quam
2263 2699 2437 2764 inter
2457 2703 2777 2767 enuntiati
2800 2698 3031 2765 membra

651 2848 724 2857 —
787 2812 858 2875 ui
908 2829 985 2873 nc
1039 2828 1126 2871 an
1180 2828 1369 2889 aequo
1423 2828 1562 2872 oum
1594 2807 1888 2889 patronis
1944 2807 2083 2870 iure
2144 2812 2392 2887 ayerent
2446 2844 2529 2855 —-
2592 2809 2923 2877 sententiam
2964 2825 3037 2869 eo·

644 2936 786 2981 rum
859 2912 1274 2979 consultarent
1335 2950 1422 2958 -—
1487 2934 1562 2979 ac
1631 2912 1972 2978 verberibus
2044 2932 2272 2978 manus
2332 2914 2497 2980 ultro
2576 2918 2925 2983 intenderent
2978 2946 3036 2957 —

645 3021 1039 3089 intercedere
1102 3040 1363 3085 necesse
1421 3024 1546 3106 est,
1608 3042 1872 3105 prorsus
1938 3018 2147 3103 deest,
2210 3020 2265 3084 si
2328 3024 2724 3089 mutationes
2778 3022 3045 3087 editorum

648 3130 994 3215 sequimur.
1077 3131 1269 3211 atque
1323 3126 1428 3192 his
1482 3128 1850 3194 rationibus
1905 3126 1974 3191 in
2032 3149 2102 3191 re
2158 3128 2302 3210 ipsa
2356 3129 2597 3212 positis
2652 3131 2809 3195 alias
2852 3127 3042 3193 extrin-

647 3260 828 3303 secus
885 3236 1118 3301 allatas
1168 3234 1400 3299 addere
1447 3234 1657 3299 liceat.
1750 3232 2083 3317 quaeritur
2128 3234 2324 3317 enim,
2385 3257 2543 3299 num
2592 3236 2787 3301 etiam
2840 3234 3045 3318 palaeo-

649 3343 974 3429 graphicis
1023 3362 1188 3425 quae
1227 3341 1528 3405 dicuntur
1572 3340 1826 3427 legibus
1864 3340 2224 3405 emendatio
2272 3338 2388 3405 illa
2436 3343 2893 3427 comprobetur.
2958 3357 3046 3401 nec

648 3451 972 3533 timemuS,
1015 3469 1096 3512 ne
1135 3447 1280 3532 quis
1321 3448 1657 3513 audaciam
1696 3447 1952 3531 obiciat,
1999 3446 2171 3531 quod
2216 3447 2289 3511 ui
2334 3468 2425 3511 ne
2472 3470 2715 3536 aequo
2762 3470 2911 3514 cum
2948 3464 3044 3527 pa·

649 3556 902 3623 tronis
949 3552 1414 3621 mutaverimus
1461 3556 1529 3621 in
1574 3558 1657 3620 ut
1701 3574 1837 3617 nec
1883 3552 2031 3616 iam
2070 3573 2309 3636 aequo
2346 3576 2508 3619 cum
2555 3556 2911 3639 patronis,
2964 3570 3045 3612 ne·

651 3686 772 3749 que
820 3663 1034 3728 minus
1079 3661 1274 3727 facile
1319 3664 1478 3728 vitio
1525 3658 1774 3726 librarii
1820 3681 1938 3742 pro
2002 3659 2132 3723 sed
2178 3659 2407 3723 etiam
2463 3662 2605 3727 fieri
2661 3662 2863 3748 potuit
2914 3677 3045 3723 sen-

650 3770 979 3836 tentiam
1027 3772 1093 3833 et
1136 3791 1256 3853 pro
1294 3791 1548 3835 coram
1593 3767 2079 3831 insultarent
2116 3787 2375 3830 eorum
2411 3769 2952 3834 consultarent.
2986 3794 3042 3805 ’-

652 3877 832 3942 Haec
894 3875 1350 3958 interpretatio
1419 3874 1690 3958 quadrat
1746 3873 1828 3938 ad
1884 3893 2173 3955 sensum,
2238 3871 2317 3936 ad
2373 3872 2685 3958 loquendi
2738 3895 2934 3951 usum,
2986 3862 3044 3929 ad

652 3984 946 4051 codicum
995 3982 1352 4065 scripturae
1399 3982 1738 4047 rationem.

829 4089 929 4153 De
970 4090 1258 4152 extrema
1294 4093 1480 4171 parte
1520 4088 1842 4155 enuntiati
1888 4109 2094 4171 pauca
2132 4083 2423 4151 addenda
2468 4094 2642 4174 sunt,
2676 4090 3039 4172 posteaquam

655 4196 810 4282 quid
867 4194 1218 4259 exhibeant
1272 4195 1550 4281 codices,
1615 4218 1781 4281 quae
1836 4192 2232 4261 mutationes
2278 4193 2495 4259 factae
2560 4197 2690 4261 sint
2744 4213 2922 4276 supra
2964 4204 3035 4248 ex·

653 4304 1007 4388 posuimus,
1089 4323 1163 4366 ac
1207 4302 1380 4387 fugit
1436 4304 1712 4369 editores
1768 4302 2229 4387 subsequentia
2283 4305 2487 4371 verba
2536 4342 2611 4351 —-
2672 4300 2841 4388 quid
2888 4292 3042 4359 enim

657 4408 867 4475 aliud
902 4408 1116 4473 laeso
1155 4416 1479 4492 patrono
1509 4432 1951 4476 concessum
1992 4431 2212 4493 quam
2251 4414 2332 4476 ut
2361 4410 2847 4477 centesimum
2880 4401 3041 4466 ultra

656 4513 989 4598 lapidem
1027 4513 1105 4576 in
1143 4536 1353 4581 oram
1391 4515 1851 4601 Campaniae
1890 4516 2256 4583 libertum
2296 4520 2637 4604 releget?
2676 4552 2751 4565 --
2790 4512 2863 4577 ad
2896 4522 3040 4591 quae-

660 4619 936 4685 stionem
983 4621 1474 4702 persolvendam
1517 4622 1869 4707 plurimum
1915 4624 2219 4689 conferre.
2303 4627 2560 4692 causale
2623 4621 2785 4710 quod
2825 4612 3039 4681 vocatur
