3303 5235
609 326 694 389 52
1682 327 1864 400 Caput
1898 329 1993 382 ΠΙ.

611 511 756 553 cum
805 490 1097 555 subiecto
1137 492 1500 556 communio
1549 495 1678 577 est,
1722 496 1944 556 tamen
1990 493 2170 557 verbi
2218 495 2517 556 naturam
2565 514 2697 557 non
2744 492 3087 557 amisisse.

609 605 837 660 dativo
883 597 1074 660 huius
1125 601 1484 663 structurae
1535 596 1880 663 Sallustius
1928 596 2214 662 Velleius
2264 599 2524 665 Tacitus
2586 601 2684 664 usi
2738 621 2873 663 non
2920 621 3089 663 esse

611 704 925 769 videntur.
1000 705 1197 768 etiam
1236 703 1404 770 Livii
1451 705 1746 789 exempla
1795 705 1849 769 si
1887 704 2378 788 amplitudinem
2427 706 2818 789 scriptorum
2854 705 3087 788 respi-

606 812 738 874 cias
792 833 1114 894 perpauca
1169 809 1392 896 sunt.¹)
1451 847 1534 858 -
1601 809 1847 876 Maiore
1903 834 2047 876 cum
2104 812 2528 877 delectatione
2585 812 2933 894 scriptores
2994 812 3085 874 in

605 926 976 982 accusativi
1029 917 1358 1002 participii
1420 918 1580 1002 perf.
1637 940 1809 1002 pass.
1874 940 2020 983 cum
2076 918 2481 982 substantivo
2540 917 2872 982 coniuncti
2937 940 3083 982 usu

605 1024 848 1088 versati
895 1026 1074 1108 sunt,
1131 1024 1212 1088 ad
1260 1045 1448 1108 quem
1495 1025 1825 1108 pertinent
1877 1023 2026 1088 Tac.
2074 1047 2222 1089 ann.
2259 1024 2383 1108 ΙΠ,
2422 1025 2489 1088 6:
2549 1025 2825 1106 quotiens
2858 1045 3081 1107 popu-

607 1131 703 1195 lus
755 1131 1084 1196 Romanus
1141 1131 1340 1196 clades
1401 1132 1731 1196 exercitum
1791 1132 2109 1196 interitum
2172 1133 2393 1196 ducum
2444 1131 2735 1212 funditus
2790 1134 3080 1198 amissas

603 1238 833 1303 nobiles
875 1238 1162 1318 familias
1207 1243 1555 1302 constanter
1599 1238 1823 1302 tulerit.
1897 1237 2009 1321 IV,
2046 1239 2133 1302 42
2180 1237 2413 1303 Caesar
2456 1239 2745 1304 obiectam
2788 1239 2911 1304 sibi
2950 1241 3079 1304 ad-

604 1365 814 1410 versus
857 1365 992 1410 reos
1035 1344 1486 1408 inclementiam
1531 1394 1548 1408 .
1585 1395 1600 1410 .
1640 1393 1655 1407 .
1700 1344 2038 1426 amplexus,
2119 1343 2246 1427 ΠΙ,
2294 1345 2377 1409 66
2424 1345 2721 1410 obiectant
2761 1346 3075 1410 violatum

603 1451 876 1532 Auyusti
933 1469 1160 1514 numen
1223 1454 1490 1531 spretam
1554 1451 1789 1514 Tiberii
1850 1450 2245 1514 maiestatem,
2328 1451 2477 1514 hist.
2524 1451 2557 1515 I
2567 1501 2585 1535 ‚
2632 1453 2671 1517 8
2726 1453 3074 1517 Fonteium

602 1556 959 1639 Capitonem
1021 1558 1282 1622 occisum
1347 1558 1853 1640 indiynabantur.
1940 1555 1973 1620 I
1984 1605 2003 1640 ‚
2049 1556 2136 1622 60
2203 1557 2538 1623 Trebellius
2594 1561 2953 1624 seditionem
3012 1565 3077 1624 et

600 1664 921 1746 confusum
998 1665 1272 1729 ordinem
1347 1665 1712 1747 disciplinae
1782 1663 1990 1728 Caelio
2056 1664 2354 1744 spoliatas
2412 1669 2470 1728 et
2532 1666 2743 1748 inopes
2802 1667 3077 1749 leyiones

602 1767 847 1836 Caelius
896 1771 1190 1835 Trebellio
1247 1770 1590 1835 obiectabat.
1694 1770 1857 1836 Vell.
1896 1769 1987 1852 H,
2023 1770 2107 1834 47
2156 1791 2345 1852 neque
2388 1772 2723 1853 defuissent
2762 1775 2875 1855 qui
2912 1823 2925 1837 .
2956 1825 2970 1836 .
3002 1825 3019 1837 .
3056 1826 3071 1838 .

588 1878 929 1959 probarent
987 1895 1126 1941 eum
1188 1878 1376 1941 civem
1446 1879 1708 1942 occisum
1771 1897 1889 1959 quo
1944 1897 2121 1940 nemo
2172 1879 2583 1958 perniciosior
2635 1881 2728 1943 rei
2773 1880 3073 1962 publicae

601 2004 790 2064 neque
834 1983 1009 2047 bonis
1052 1983 1419 2048 inimicitior
1462 1985 1717 2048 vixerat.

784 2087 1085 2153 Ceterum
1115 2088 1484 2155 Luebberto
1523 2112 1657 2155 non
1696 2090 2081 2154 assentimur
2122 2091 2431 2155 statuenti
2470 2095 2833 2156 structurae
2867 2093 3066 2158 huius

604 2198 670 2260 in
719 2196 1086 2261 accusativo
1134 2195 1393 2279 positae
1438 2219 1572 2261 non
1619 2197 1891 2261 eandem
1939 2197 2309 2261 libertatem
2356 2219 2526 2283 esse,
2574 2222 2764 2283 quam
2820 2199 2891 2262 in
2948 2221 3065 2265 no-

602 2304 914 2369 minativo
959 2325 1167 2388 neque
1216 2303 1403 2367 aliter
1441 2326 1582 2367 eam
1633 2303 1890 2368 admitti
1936 2303 2065 2367 nisi
2110 2304 2277 2368 ratio
2316 2305 2537 2389 aliqua
2582 2307 2787 2370 facilis
2826 2327 2947 2389 per
2996 2329 3065 2370 se

601 2412 680 2476 ad
721 2410 1229 2496 intellegendum
1269 2410 1441 2474 inter
1480 2409 1803 2474 obiectum
1840 2409 2197 2495 intercedat
2236 2413 2301 2474 et
2328 2412 2783 2494 praedicatum.
2865 2435 3063 2496 quam

599 2519 971 2602 opinionem
1006 2539 1142 2583 non
1179 2519 1425 2581 rectam
1461 2538 1602 2580 esse
1639 2519 1705 2580 et
1742 2515 2050 2599 exemplis
2088 2537 2127 2579 a
2165 2515 2533 2582 Luebberto
2570 2519 2713 2602 ipso
2751 2541 2811 2601 p.
2857 2519 2938 2582 16
2976 2541 3055 2582 ex

493 2627 500 2635 '
597 2625 781 2691 Livio
821 2630 887 2689 et
925 2648 963 2689 a
998 2647 1100 2688 me
1141 2646 1215 2688 ex
1256 2623 1480 2688 Tacito
1520 2626 1584 2687 et
1614 2621 1869 2687 Velleio
1908 2624 2233 2706 congestis
2272 2626 2515 2708 optime
2554 2625 3044 2691 demonstratur.

777 2732 916 2796 Iam
988 2731 1455 2796 consideranda
1520 2728 1775 2793 videtur
1841 2751 1916 2792 ea
1982 2730 2253 2814 species,
2319 2753 2483 2815 quae
2549 2732 2835 2797 ablativo
2896 2752 3050 2795 casu

600 2839 829 2919 utitur,
869 2838 1048 2902 cuius
1088 2837 1258 2920 apud
1298 2835 1675 2901 Sallustium
1714 2838 1780 2899 et
1805 2833 2127 2899 Velleium
2162 2858 2282 2919 pro
2321 2839 2745 2922 amplitudine
2786 2839 3053 2922 scripto-

599 2967 743 3008 rum
800 2966 933 3008 non
987 2965 1221 3028 pauca,
1279 2943 1448 3027 apud
1504 2942 1801 3007 Tacitum
1860 2945 2075 3006 autem
2130 2945 2231 3006 tot
2286 2948 2545 3009 exstant
2604 2947 2921 3029 exempla,
2981 2949 3058 3009 ut

603 3073 680 3115 ex
726 3050 851 3114 hac
889 3051 1031 3133 ipsa
1066 3073 1135 3115 re
1173 3050 1442 3134 colligas
1451 3102 1468 3134 ,
1517 3050 1713 3115 etiam
1754 3072 1793 3114 a
1832 3050 2122 3133 priorum
2160 3049 2544 3132 scriptorum
2582 3073 2705 3115 usu
2742 3052 3054 3135 loquendi

598 3157 768 3223 hanc
806 3161 1194 3222 structuram
1232 3178 1366 3221 non
1404 3157 1683 3221 alienam
1721 3178 1861 3221 esse
1898 3155 2431 3239 potuisse,‚quod
2468 3156 2725 3239 quidem
2773 3158 3053 3221 nonnul-

597 3267 678 3330 lis
727 3265 1034 3349 exemplis
1071 3262 1391 3328 Plautinis
1428 3262 1957 3346 Terentianisque
2003 3284 2042 3326 a
2078 3261 2443 3327 Luebberto
2482 3263 2768 3328 collectis
2808 3262 2900 3347 (p.
2939 3264 3051 3349 18)

600 3373 1101 3437 demonstratur.
1194 3374 1477 3435 ceterum
1544 3393 1738 3454 quam
1802 3369 2129 3434 mutabilis
2194 3370 2521 3455 variisque
2584 3370 2871 3436 fortuitis
2934 3371 3053 3434 im-

604 3480 900 3563 pulsibus
946 3478 1210 3563 linguae
1256 3476 1532 3542 historia
1579 3477 1859 3543 obnoxia
1906 3476 1993 3541 sit
2040 3474 2237 3540 etiam
2282 3476 2417 3540 hac
2442 3475 2783 3541 occasione
2830 3476 3054 3541 oblata

598 3585 1026 3669 intellegitur,
1087 3607 1232 3649 cum
1285 3583 1457 3647 enim
1517 3586 1842 3648 structura
1899 3582 2224 3665 participii
2275 3583 2435 3665 perf.
2484 3604 2651 3666 pass.
2706 3605 2851 3647 cum
2904 3584 3051 3647 sub·

601 3694 882 3758 stantivo
929 3692 1257 3757 coniuncti
1311 3691 1382 3754 in
1437 3690 1725 3753 ablativo
1774 3711 1925 3753 casu
1982 3688 2346 3772 dependens
2394 3711 2433 3753 a
2476 3688 2803 3753 locutione
2861 3711 3049 3772 opus

601 3802 717 3863 est
782 3799 952 3882 apud
1011 3798 1315 3863 Plautum
1381 3800 1446 3859 et
1508 3794 1883 3858 Terentium
1949 3793 2291 3858 admodum
2346 3794 2645 3878 frequens
2703 3795 2812 3878 sit,
2880 3795 3051 3878 apud

598 3906 851 3971 Livium
899 3910 965 3970 et
1012 3903 1384 3970 Sallustium
1435 3900 1604 3987 (Cat.
1654 3902 1767 3985 31,
1808 3902 1875 3965 7:
1938 3921 2015 3965 ne
2058 3902 2481 3965 existimarent
2520 3898 2640 3964 sibi
2696 3949 2709 3964 .
2749 3949 2763 3964 .
2799 3949 2816 3963 .
2855 3950 2869 3963 .
2904 3920 3049 3982 per-

598 4015 733 4078 dita
767 4013 1078 4097 republica
1112 4031 1266 4093 opus
1301 4008 1450 4095 esse)
1498 4031 1727 4093 paene,
1773 4007 1945 4091 apud
1981 4006 2305 4071 Velleium
2344 4010 2407 4070 et
2446 4006 2741 4071 Tacitum
2778 4029 3046 4091 prorsus

601 4121 894 4185 obsoleta
949 4122 1064 4184 est.
1153 4117 1224 4181 in
1279 4116 1588 4199 exemplis
1647 4136 1810 4199 quae
1877 4114 2045 4177 infra
2090 4112 2527 4177 enumeraturi
2594 4135 2814 4177 sumus
2874 4113 3048 4177 abla-

599 4226 773 4291 tivus
819 4224 1145 4309 participii
1199 4224 1578 4308 plerumque
1635 4244 1675 4285 a
1720 4220 1959 4305 verbiS,
2012 4222 2222 4284 rarius
2272 4221 2353 4284 ab
2417 4219 2745 4283 adiectivis
2793 4221 3049 4305 pendet,

600 4332 775 4417 (octo
823 4334 974 4396 sunt
1019 4332 1337 4415 exempla,
1382 4330 1449 4394 in
1496 4328 1729 4413 quibus
1782 4326 2166 4391 adiectivum
2212 4327 2282 4389 in
2333 4325 2509 4390 verbi
2556 4326 2763 4390 locum
2814 4328 3047 4392 substi-

598 4438 819 4503 tuitur.
919 4436 1045 4502 huc
1109 4438 1393 4522 pertinet
1458 4437 1654 4500 etiam
1712 4433 1860 4497 hist.
1915 4431 2005 4517 II,
2058 4432 2131 4495 11
2200 4434 2529 4517 praecipui
2577 4432 2759 4513 fama
2824 4437 3048 4514 quarta

748 4668 797 4733 1)
838 4663 917 4720 cf.
958 4664 1268 4731 Luebberu
1296 4643 1359 4733 ’μ
1401 4669 1481 4719 18.
