3303 5235
581 325 664 389 76
1654 326 1837 396 Caput
1872 327 1967 380 IV.

580 490 712 555 sule
761 511 1036 572 ynarum
1090 491 1354 555 militiae
1398 511 1644 572 corpore
1698 491 1975 555 validum
2020 495 2078 554 et
2130 488 2279 554 bello
2322 490 2738 570 suffecturum.
2820 489 2901 572 V,
2955 492 2987 553 1
3000 493 3033 554 1

568 601 871 677 ponerent
912 598 1056 662 odia
1099 599 1169 661 in
1206 597 1538 678 perniciem
1583 598 1773 660 itura.
1837 595 1989 660 hist.
2027 595 2079 680 Ι,
2113 596 2191 659 11
2240 597 2502 661 inermes
2534 598 2894 679 provinciae
2931 646 2945 660 .
2980 648 2993 660 .
3026 647 3041 662 .

577 723 852 768 cessurae
897 709 1090 769 erant.
1158 703 1207 788 Ι,
1241 704 1320 767 19
1370 704 1627 774 laturus.
1688 702 1737 787 Ι,
1765 704 1847 767 27
1885 723 2046 785 pars
2088 703 2331 768 silentio
2374 703 2660 768 animum
2704 723 2781 768 ex
2822 709 3045 768 eventu

576 812 904 891 sumpturi.
983 809 1042 894 Ι,
1090 812 1174 874 32
1229 812 1451 892 quippe
1503 811 1706 874 eodem
1750 796 1848 874 die
1902 811 2142 874 diversa
2196 811 2344 890 pari
2396 811 2725 874 certamine
2755 811 3045 891 postula-

579 917 754 980 turis.
825 916 875 999 I,
923 918 1009 981 35
1057 918 1124 981 in
1158 917 1434 999 periculo
1478 938 1606 982 non
1650 936 1937 982 ausurus.
2000 914 2051 999 Ι,
2098 914 2182 980 53
2230 917 2446 997 cuique
2488 916 2608 980 alii
2640 917 3043 997 profuturus,

579 1022 629 1102 J,
669 1023 748 1086 71
799 1044 864 1088 eo
897 1024 1048 1105 plus
1088 1025 1450 1104 formidinis
1486 1023 1829 1104 afferebant
1866 1023 2070 1104 falsae
2122 1024 2375 1087 virtutes
2428 1028 2488 1087 et
2538 1024 2693 1087 vitia
2736 1025 3043 1088 reditura.

576 1128 630 1210 Ι,
679 1129 714 1192 7
722 1130 763 1193 5
808 1129 969 1195 nihil
1014 1132 1328 1195 amissuri.
1386 1129 1438 1209 Ι,
1488 1131 1570 1196 78
1618 1135 1919 1195 ostentata
1963 1131 2163 1212 maqis
2208 1150 2397 1210 quam
2440 1149 2757 1194 mansura.
2816 1129 2902 1212 ΙΙ,
2956 1133 3043 1195 16

578 1237 883 1301 temeritas
939 1242 1114 1301 tanta
1173 1238 1328 1301 mole
1381 1237 1520 1301 belli
1571 1236 1734 1301 nihil
1793 1238 1863 1300 in
1916 1256 2225 1301 summam
2258 1236 2617 1318 profectura
2632 1236 2679 1322 ¹)
2738 1239 2862 1318 ipsi
2908 1239 3043 1302 exi-

578 1342 753 1404 tiosa.
834 1340 926 1426 ΙΙ,
971 1344 1057 1407 49
1117 1341 1343 1407 Othoni
1386 1343 1734 1425 sepulcrum
1779 1345 2143 1408 exstinctum
2188 1347 2275 1406 cst
2326 1344 2630 1408 modicum
2684 1348 2741 1408 et
2784 1364 3047 1408 mansu·

575 1467 735 1510 rum.
813 1447 901 1531 ΙΙ,
945 1449 1030 1513 80
1074 1456 1146 1514 ut
1191 1451 1453 1533 leyatum
1498 1452 1839 1515 salutatur-i
1882 1452 2309 1532 imperatorem
2353 1449 2709 1514 salutavere.
2780 1448 2900 1532 ΙΙΙ,
2948 1450 3043 1514 56

576 1555 668 1617 ita
719 1556 1010 1634 formatis
1050 1558 1364 1639 principis
1419 1557 1677 1647 auribus
1729 1562 1802 1622 ut
1852 1577 2064 1639 aspere
2116 1577 2273 1637 quae
2316 1556 2502 1620 utilia
2553 1576 2661 1620 nec
2704 1557 3045 1638 quicquam

577 1661 706 1723 nisi
754 1662 1088 1727 iucundum
1132 1669 1189 1728 et
1234 1664 1544 1728 laesurum
1587 1666 1897 1746 acciperet.
1978 1663 2105 1745 ΠΙ,
2152 1663 2236 1726 58
2284 1665 2432 1728 dum
2477 1663 2694 1745 vulyus
2738 1665 2970 1745 iynaru
2978 1685 3045 1727 m

575 1771 632 1830 et
674 1767 836 1832 nihil
881 1769 1050 1833 ultra
1093 1771 1275 1834 verba
1318 1791 1621 1835 ausuram
1671 1772 1843 1852 falsa
1886 1771 2077 1852 specie
2130 1771 2457 1835 exercitum
2510 1775 2567 1834 et
2620 1770 2879 1852 leyiones
2924 1792 3043 1851 ap-

569 1874 774 1953 pellat.
834 1873 948 1953 IV,
985 1875 1072 1939 50
1118 1878 1342 1956 optimo
1385 1878 1600 1958 cuique
1635 1878 1929 1942 eoeitiosus
1974 1883 2032 1942 et
2072 1875 2233 1941 inter
2277 1896 2497 1941 causas
2532 1876 2842 1940 malorum
2878 1897 3045 1957 quae

578 2000 721 2043 mox
785 1981 1039 2046 tulimus
1101 1984 1346 2064 saepius
1407 1984 1734 2048 rediturus,
1816 1982 1895 2067 V,
1943 1983 1985 2048 5
2038 2003 2350 2048 summum
2403 1983 2579 2054 illud
2605 1987 2661 2046 et
2714 1987 3043 2047 aeternum

578 2107 768 2167 neque
831 2087 1132 2152 imitabile
1182 2109 1371 2170 neque
1427 2091 1841 2154 inter-iturum.
1924 2087 2137 2152 Germ.
2184 2089 2271 2152 40
2324 2110 2595 2154 arcanus
2638 2089 2781 2154 hinc
2837 2095 3041 2154 terror

573 2198 907 2274 sanctaque
968 2195 1327 2276 iynorantia
1389 2197 1542 2276 quid
1601 2197 1687 2260 sit
1745 2195 1909 2260 illud
1959 2196 2123 2276 quod
2182 2200 2425 2260 tantum
2476 2198 2748 2277 perituri
2810 2197 3038 2263 vident.

577 2299 810 2384 dialog.
859 2301 902 2364 2
965 2305 1264 2383 tanquam
1317 2301 1659 2368 habiturus.
1741 2303 1781 2366 9
1837 2322 2205 2366 mansurum
2259 2303 2329 2366 in
2392 2304 2603 2367 animo
2664 2304 3039 2384 cuiusquam

575 2406 944 2488 beneficium.
1033 2408 1116 2471 10
1167 2409 1498 2474 meditatus
1549 2411 1775 2474 videris
1819 2410 1981 2474 ultro
2036 2409 2276 2490 eleyisse
2321 2429 2658 2491 personam
2701 2410 3031 2474 notabilem

574 2518 633 2577 et
692 2535 830 2578 cum
876 2515 1235 2580 auctoritate
1287 2517 1612 2582 dicturam.
1695 2519 1781 2581 22
1835 2519 2057 2598 firmus
2106 2536 2257 2580 sane
2296 2517 2513 2597 parics
2564 2520 2623 2581 et
2672 2517 3031 2582 duraturus.

577 2621 663 2685 34
707 2623 876 2686 scitis
921 2624 1087 2686 enim
1132 2644 1428 2705 maynam
1472 2624 1653 2689 illam
1698 2628 1755 2687 et
1798 2626 2169 2689 duraturam
2202 2624 2576 2706 eloquentiae
2616 2624 2864 2705 famam
2912 2675 2926 2689 .
2966 2677 2981 2690 .
3020 2674 3036 2690 .

563 2730 812 2809 parari.
896 2729 978 2792 37
1027 2749 1154 2793 non
1196 2728 1516 2807 suffecturi
1559 2728 1906 2794 honoribus,
1993 2728 2153 2793 Vell.
2198 2729 2291 2814 ΙΙ,
2338 2731 2379 2795 5
2434 2751 2613 2812 quem
2658 2732 3035 2795 moriturum

573 2834 832 2897 miserat
863 2835 1122 2898 militem
1158 2836 1439 2899 victorem
1475 2838 1709 2917 recepit.
1764 2835 1849 2921 ΙΙ,
1878 2837 1961 2900 31
2002 2838 2071 2901 in
2106 2838 2190 2901 iis
2223 2836 2497 2903 homines
2532 2839 3032 2903 extraordinario

575 2940 986 3019 reformidant
1037 2942 1146 3023 qui
1191 2962 1265 3005 ea
1317 2963 1427 3006 suo
1472 2943 1733 3007 arbitrio
1779 2948 1892 3007 aut
1944 2946 2281 3025 deposituri
2325 2949 2438 3007 aut
2480 2946 2779 3028 retenturi
2822 2945 3024 3007 viden-

582 3053 698 3112 tur.
782 3046 873 3131 ΙΙ,
921 3048 1005 3112 36
1071 3049 1418 3113 consulatui
1464 3048 1774 3115 Ciceronis
1828 3070 1955 3115 non
2008 3052 2302 3115 mediocre
2354 3052 2576 3115 adiecit
2618 3052 2799 3115 decus
2840 3054 3034 3115 natus

576 3175 641 3218 eo
688 3174 854 3219 anno
899 3155 1076 3219 divus
1120 3156 1444 3238 Auyustus
1499 3156 1720 3220 abhinc
1774 3176 1973 3222 annos
2025 3158 2371 3239 nonayinta
2423 3157 2705 3223 omnibus
2750 3158 3037 3221 omnium

570 3262 847 3344 yentium
893 3262 1045 3327 viris
1099 3263 1524 3345 magnitudine
1577 3282 1695 3327 sua
1739 3263 2108 3327 inducturus
2161 3264 2503 3345 caliyinem
2585 3263 2650 3326 II
2661 3312 2680 3346 ,
2725 3264 2813 3327 42
2870 3264 3040 3328 illud

575 3369 881 3448 referatur
925 3369 1348 3434 documentum
1394 3372 1555 3434 tanti
1599 3390 1745 3435 mox
1790 3371 2034 3435 evasuri
2078 3371 2217 3435 viri.
2287 3369 2371 3454 ΙΙ,
2410 3369 2494 3435 59
2530 3370 2823 3451 patribus
2858 3369 3039 3436 bellis

574 3475 854 3539 civilibus
898 3525 914 3540 .
953 3524 967 3538 .
1006 3524 1019 3538 .
1060 3527 1072 3540 .
1120 3497 1259 3541 eum
1308 3474 1706 3562 (Octavium)
1764 3478 1835 3541 in
1879 3478 2088 3541 studia
2141 3478 2394 3541 miserat
2445 3498 2589 3542 mox
2642 3476 2783 3541 belli
2828 3476 3041 3542 Getici

573 3601 646 3644 ac
693 3582 906 3646 deinde
949 3582 1235 3648 Parthici
1278 3582 1602 3647 habiturus
1647 3583 2135 3647 commilitonem.
2216 3581 2307 3662 ΙΙ,
2348 3583 2383 3646 7
2396 3584 2427 3647 1
2491 3582 2690 3647 Varro
2736 3582 2823 3647 ad
2868 3584 3038 3648 ludi-

577 3688 780 3753 brium
834 3690 1175 3755 moriturus
1218 3691 1487 3755 Antonii
1541 3690 1733 3772 diyna
1787 3689 1895 3753 illo
1942 3710 2016 3753 ac
2068 3709 2213 3753 vera
2266 3690 2338 3754 de
2391 3690 2559 3753 exitu
2613 3689 2743 3753 eius
2796 3710 3041 3771 maana

579 3816 717 3859 cum
764 3794 1035 3860 libertate
1079 3798 1391 3861 ominatus
1448 3800 1549 3860 est.
1624 3795 1709 3877 ΙΙ,
1750 3796 1833 3864 74
1879 3795 2193 3860 Antonius
2247 3796 2707 3861 transmarinas
2752 3797 3042 3864 obiturus

564 3902 926 3984 provincias
970 3902 1254 3968 substitit.
1322 3901 1406 3986 ΙΙ,
1448 3902 1573 3967 123
1621 3900 1854 3966 Caesar
1888 3902 2208 3985 Auyustus
2252 3923 2390 3967 cum
2438 3902 2885 3968 Germanicum
2927 3926 3041 3971 ne-

564 4014 772 4091 potem
814 4030 1000 4073 suum
1043 4010 1284 4091 reliqua
1328 4009 1468 4074 belli
1500 4014 1907 4091 patraturum
1950 4010 2216 4075 misisset
2257 4011 2327 4073 in
2374 4008 2801 4074 Germaniam.
2831 4031 2838 4037 ·
2872 4008 3040 4077 Sall.

573 4116 718 4200 Iug.
761 4117 817 4201 1,
855 4117 896 4180 5
945 4118 1158 4197 quodsi
1201 4116 1551 4181 hominibus
1595 4116 1899 4180 bonarum
1943 4137 2152 4180 rerum
2190 4120 2366 4181 tanta
2410 4136 2562 4180 cura
2606 4121 2754 4180 esset
2796 4124 3043 4198 quanto

528 4258 532 4265 ·
574 4222 778 4287 studio
823 4222 1033 4286 aliena
1069 4243 1142 4287 ac
1185 4222 1347 4288 nihil
1373 4224 1716 4305 profutura
1750 4224 2064 4305 multaque
2100 4224 2287 4287 etiam
2320 4222 2673 4304 periculosa
2706 4243 2782 4287 ac
2812 4226 3042 4304 perni-

575 4328 741 4392 ciosa
774 4332 1008 4408 petunt.
1077 4330 1189 4413 35,
1241 4329 1322 4392 10
1367 4329 1576 4393 urbem
1621 4329 1894 4393 venalem
1938 4334 1996 4393 et
2038 4334 2277 4395 mature
2308 4331 2661 4411 perituram
2704 4330 2762 4393 si
2806 4335 3041 4411 empto·

575 4454 705 4497 rem
749 4434 1064 4499 invenerit.
1146 4434 1301 4499 hist.
1346 4434 1459 4519 IV,
1508 4436 1620 4518 61,
1672 4437 1752 4499 12
1799 4436 2224 4502 acerbissimas
2258 4458 2495 4520 poenas
2538 4436 2784 4501 solvunt
2825 4436 3041 4503 Ptole-

723 4660 774 4729 1)
811 4660 896 4713 Ex
932 4660 1322 4717 Freinsheimii
1359 4664 1669 4719 mutatione
1706 4681 1807 4733 pro
1844 4664 2227 4734 profutura.

3247 0 3279 551 ff

3233 704 3279 1261 ,ὃ
