3303 5235
1020 295 1103 349 De
1139 295 1423 366 participii
1458 298 1659 350 natura
1694 295 1981 352 nominali.
2627 296 2709 359 21

1418 513 1564 593 §a

418 648 516 703 De
562 645 961 716 participiis,
1009 658 1187 714 quae
1233 645 1822 701 substantivorum
1866 646 2078 701 instar
2121 650 2560 716 usurpantur.

446 779 768 856 Quoniam
804 779 1028 862 lingua
1064 777 1302 841 Latina
1341 778 1898 843 substantivorum
1933 800 2203 843 numero
2240 801 2374 844 non
2411 780 2719 862 abundat,

259 887 616 970 scriptores
664 907 810 950 cum
858 884 1003 948 aliis
1053 885 1522 968 supplementis
1558 889 1700 949 tum
1744 885 2105 969 participiis
2153 886 2220 950 in
2267 886 2531 951 modum
2569 888 2715 950 sub-

263 992 699 1057 stantivorum
762 991 1092 1073 usurpatis
1162 1011 1306 1054 eam
1368 990 1657 1074 inopiam
1721 1011 2131 1074 compensare
2196 991 2471 1056 student.
2553 1013 2717 1076 quae

261 1120 371 1162 res
419 1120 564 1163 cum
609 1118 745 1161 non
789 1097 980 1161 modo
1018 1118 1135 1179 per
1174 1118 1242 1160 se
1281 1097 1480 1182 digna
1524 1097 1606 1160 ad
1642 1097 2163 1180 cognoscendum
2210 1097 2313 1181 sit,
2360 1097 2473 1162 sed
2519 1098 2715 1162 etiam

260 1205 414 1269 ideo
460 1203 726 1268 maioris
772 1204 1084 1278 momenti
1132 1225 1271 1267 esse
1319 1199 1630 1284 videatur,
1679 1203 1850 1287 quod
1897 1205 2141 1287 quanta
2188 1207 2325 1267 arte
2371 1203 2717 1286 scriptores

260 1311 737 1376 claudicantem
791 1313 866 1373 ut
910 1309 1006 1373 ita
1061 1309 1348 1374 dicamus
1403 1310 1699 1394 linguam
1755 1309 2183 1374 sustentarint
2240 1310 2386 1374 inde
2434 1310 2535 1374 vel
2581 1331 2715 1373 ma-

263 1418 439 1481 xime
498 1417 730 1499 elucet,
785 1436 1092 1498 quaerere
1147 1417 1304 1479 utile
1351 1418 1475 1497 est,
1532 1413 1764 1498 quibus
1809 1415 2049 1480 finibus
2097 1414 2269 1498 apud
2317 1404 2715 1498 Sallustium,

262 1522 608 1605 Velleium,
654 1521 947 1586 Tacitum
992 1522 1100 1586 hic
1145 1543 1300 1587 usus
1348 1521 1927 1587 circumscribatur.

956 1698 1032 1790 A.
1125 1699 1215 1763 De
1259 1698 1603 1783 participio
1653 1697 2029 1782 praesentis.

501 1823 848 1926 uamquam
878 1841 1319 1924 exemplorum
1346 1842 1539 1905 huius
1570 1841 1829 1926 generis
1859 1840 2029 1923 apud
2057 1837 2431 1904 Sallustium
2460 1859 2715 1924 magna,

261 1949 436 2033 apud
563 1947 820 2011 elleium
887 1945 1308 2030 Tacitumque
1372 1948 1656 2014 maxima
1720 1950 1787 2010 et
1848 1947 2125 2012 varietas
2191 1950 2256 2011 et
2311 1946 2713 2011 abundantia

259 2056 615 2137 invenitur,
671 2058 893 2118 tamen
937 2054 1036 2116 illi
1091 2054 1420 2137 participii
1475 2054 1835 2138 praesentis
1881 2063 2301 2118 nominativo
2349 2062 2705 2131 singularis

263 2163 374 2245 qui
439 2160 827 2225 substantivi
903 2157 1042 2223 vice
1114 2160 1408 2245 fungitur
1485 2160 1876 2224 abstinuisse
1956 2158 2271 2224 videntur.
2352 2160 2711 2225 locutiones

262 2267 467 2352 igitur
521 2266 739 2350 quales
797 2268 948 2329 sunt
1001 2263 1219 2330 Senec.
1266 2265 1344 2329 de
1389 2267 1488 2330 ira
1532 2265 1591 2350 I,
1636 2268 1682 2329 4
1726 2287 1844 2348 quo
1889 2266 2068 2330 distet
2109 2267 2214 2328 ira
2257 2265 2335 2330 ab
2380 2267 2711 2329 iracundia

263 2377 522 2454 apparet
563 2393 681 2453 quo
725 2371 927 2436 ebrias
961 2371 1040 2436 ab
1075 2371 1305 2436 ebrioso
1339 2377 1397 2436 et
1433 2373 1650 2436 timens
1678 2392 1721 2434 a
1766 2371 2001 2454 timide,
2048 2370 2312 2447 Quintil.
2349 2369 2531 2454 VIII,
2569 2373 2628 2454 3,
2666 2371 2709 2436 5

263 2499 382 2559 qao
437 2479 704 2541 maxime
761 2476 1224 2558 deprehenditur
1281 2497 1496 2542 carens
1553 2483 1687 2541 arte
1745 2479 2019 2540 oratoria
2079 2477 2249 2559 apud
2310 2474 2711 2560 Sallustium,

264 2583 600 2659 Velleium‚
632 2582 929 2659 Tacitum
953 2604 1087 2649 non
1115 2583 1378 2669 habent,
1407 2584 1786 2668 quibuscum
1816 2587 2283 2668 comparentur.
2335 2605 2527 2669 quam
2566 2604 2705 2647 rem

263 2713 415 2757 cave
471 2712 554 2754 ne
607 2690 792 2774 parvi
849 2691 1176 2774 aestimeS,
1222 2691 1529 2774 quoniam
1573 2712 1708 2755 non
1755 2713 1943 2774 saepe
1990 2690 2233 2757 factum
2280 2695 2408 2776 est,
2462 2694 2535 2754 ut
2578 2712 2708 2775 qua

261 2798 564 2861 libertate
612 2795 834 2861 Cicero
899 2818 1056 2861 usus
1101 2819 1231 2862 non
1278 2800 1406 2882 est,
1459 2797 1730 2862 eandem
1786 2801 1851 2862 et
1917 2796 2260 2863 Sallustius
2308 2802 2376 2863 et
2421 2797 2706 2863 Velleius

264 2909 328 2969 et
373 2904 637 2968 Tacitus
684 2901 1100 2986 repudiarint.
1181 2926 1390 2989 neque
1435 2903 1659 2969 Livius
1715 2904 2058 2969 discrimen
2114 2906 2393 2970 excitare
2438 2906 2708 2988 videtur,

266 3010 578 3094 siquidem
616 3030 694 3074 ex
733 3010 1305 3091 grammaticorum
1335 3010 1595 3075 silentio
1632 3011 1758 3075 hoc
1785 3010 2294 3075 concludendum
2326 3033 2466 3075 esse
2502 3014 2707 3095 putes,

266 3125 546 3193 pluralis
600 3118 815 3179 autem
858 3124 1134 3179 numeri
1187 3138 1388 3179 unum
1435 3114 1732 3181 Sallustii
1788 3117 2151 3200 exemplum
2212 3118 2398 3181 nobis
2444 3120 2705 3199 praesto

271 3224 396 3286 est:
433 3219 581 3301 Cat.
616 3222 676 3304 2,
713 3221 752 3285 8
783 3221 965 3285 malti
991 3222 1280 3286 mortales
1324 3272 1339 3286 .
1379 3272 1394 3288 .
1433 3274 1447 3287 .
1486 3273 1502 3288 .
1545 3224 1739 3286 vitam
1774 3223 1955 3286 sicuti
1989 3224 2450 3305 pereyrinantes
2495 3228 2701 3287 trans-

266 3331 404 3394 iere.
478 3349 553 3392 eo
601 3327 842 3391 maiore
891 3327 1106 3392 studio
1155 3326 1417 3393 Tacitus
1463 3351 1651 3393 usum
1705 3337 2103 3393 nominativi
2146 3327 2467 3412 participii
2513 3349 2693 3411 prae-

265 3435 464 3499 sentis
511 3441 774 3511 generis
800 3442 1114 3499 neutrius
1159 3435 1302 3499 loco
1351 3435 1742 3499 substantivi
1786 3434 1985 3518 positi
2032 3436 2365 3518 amplexus
2404 3438 2522 3516 est,
2569 3456 2699 3518 qua

266 3542 332 3605 in
385 3562 452 3604 re
507 3539 732 3604 eadem
785 3542 852 3603 et
907 3540 1166 3623 linguae
1213 3539 1483 3605 Latinae
1540 3543 1606 3603 et
1660 3539 2080 3605 Germanicae
2137 3540 2530 3605 consuetudo
2588 3544 2705 3623 est,

268 3667 411 3709 nam
459 3646 655 3709 etiam
699 3666 821 3709 nos
874 3646 1284 3730 participium
1338 3646 1698 3730 praesentis
1764 3647 2017 3731 generis
2080 3651 2286 3713 neutr.
2335 3648 2701 3731 anteposito

269 3751 531 3816 articulo
571 3751 962 3817 substantivi
997 3753 1208 3817 instar
1249 3776 1647 3837 usurpamus,
1696 3754 1863 3818 sicut
1907 3754 2043 3818 das
2089 3754 2703 3819 bevorstehende
2799 3790 2802 3794 ·

273 3895 344 3905 --·
376 3858 886 3942 imminentia,
924 3881 1314 3944 quamquam
1348 3861 1507 3925 talia
1543 3861 1837 3943 pluribus
1866 3882 2183 3944 exponere
2220 3860 2445 3944 lingua
2480 3865 2705 3925 nostra

269 3965 571 4047 solemuS,
626 3967 699 4027 ut
745 3963 919 4028 odio
965 3967 1513 4049 praesentium,
1575 3989 1711 4030 aus
1775 3967 1955 4031 hass
2020 3968 2207 4032 iiber
2254 3967 2372 4031 die
2420 3988 2703 4051 gegen-

269 4072 586 4155 wartige
648 4071 834 4153 ‘lage
896 4060 1027 4135 der
1091 4072 1318 4156 dinge
1403 4072 1502 4136 vel
1575 4071 1998 4154 humentia,
2072 4072 2191 4135 die
2266 4071 2704 4156 sumpfigen

268 4178 566 4243 stellen.

437 4282 600 4349 Cum
656 4287 781 4351 hoc
834 4308 1038 4372 genus
1096 4308 1135 4349 a
1180 4284 1390 4349 Vellei
1434 4289 1500 4349 et
1546 4282 1836 4349 Sallustii
1889 4306 2011 4348 usu
2065 4284 2371 4368 loquendi
2416 4284 2705 4349 alienum

268 4390 379 4473 sit,
415 4392 586 4475 apud
644 4392 901 4457 Livium
957 4396 1022 4456 et
1075 4392 1378 4457 classicos
1437 4385 1783 4475 scripto‘res
1841 4392 1957 4455 illa
2009 4391 2349 4476 participia
2410 4392 2549 4456 sola
2595 4391 2702 4456 ad-

267 4498 633 4581 mittuntur,
699 4500 929 4582 quibus
993 4500 1363 4584 temporis
1435 4498 1619 4563 notio
1685 4498 1997 4563 inhaeret.
2072 4497 2185 4562 sed
2246 4498 2700 4565 insolentiores

268 4607 414 4668 sunt
437 4605 796 4670 locutiones
833 4627 1041 4691 neque
1081 4605 1249 4690 apud
1278 4604 1580 4670 classicos
1610 4608 1888 4689 exstant,
1918 4606 2138 4689 quales
2176 4606 2559 4688 sequuntur:
