3303 5235
1029 309 1110 362 De
1147 308 1432 379 participii
1466 311 1668 364 natura
1702 309 1988 364 nominali.
2637 311 2724 375 23

261 479 607 556 pereuntes.
681 473 830 536 hist.
878 471 938 556 Ι,
989 472 1022 535 1
1073 471 1210 546 odio
1255 473 1546 538 adversus
1589 472 1991 538 dominantes.
2064 471 2123 556 Ι,
2170 473 2213 538 5
2268 474 2557 538 severitas
2600 474 2733 538 eius

277 580 540 662 augebat
579 583 980 661 aspernantes
1023 583 1276 642 veterem
1309 579 1705 661 disciplinam
1740 583 1921 661 atque
1964 579 2056 643 ita
2102 629 2297 644 .....
2343 579 2731 659 assuefactos.

275 685 396 769 ΙΠ,
446 687 524 750 17
573 706 886 751 occursare
920 685 1287 767 paventibus
1328 685 1598 750 retinere·
1629 687 1912 750 cedentes.
1967 683 2019 768 I,
2064 684 2152 749 34
2197 686 2357 750 inter
2394 686 2729 767 qaudentes

273 797 334 856 et
397 793 754 858 incuriosos.
835 792 897 876 I,
951 791 1038 856 35
1094 789 1394 876 adversus
1461 792 1838 858 blandientes
1890 792 2300 873 incorruptus.
2370 790 2430 872 Ι,
2482 791 2567 855 41
2634 792 2730 856 de-

273 899 492 964 stricta
537 901 831 964 adversus
867 898 1210 964 dubitantes
1247 896 1382 962 tela.
1440 895 1492 981 I,
1529 896 1614 962 58
1654 899 1827 980 apud
1856 899 2185 962 saevientes
2221 896 2483 961 occidere
2506 897 2731 980 palam

275 1055 290 1069 .
321 1055 337 1068 .
370 1053 428 1068 ..
476 1006 706 1076 licebat.
785 1003 881 1088 ΙΙ,
928 1004 1013 1068 26
1067 1005 1242 1086 apud
1278 1003 1595 1086 fuqientes.
1681 1025 1828 1068 ann.
1874 1003 1932 1088 Ι,
1980 1004 2062 1068 57
2110 1007 2463 1086 puqnatum
2517 1004 2589 1068 in
2632 1004 2730 1069 ob-

273 1113 550 1176 sidentis,
602 1111 716 1196 IV,
744 1111 832 1177 25
869 1112 1159 1176 adversus
1193 1111 1506 1176 eludentis.
1564 1109 1681 1188 IV,
1708 1111 1796 1174 42
1834 1112 1995 1176 inter
2031 1110 2443 1192 obstrepentes.
2498 1108 2613 1192 IV,
2642 1109 2722 1174 51

273 1219 602 1284 adversum
645 1219 997 1284 resistentis.
1058 1216 1170 1298 VI,
1222 1218 1255 1280 1
1303 1217 1627 1282 adversum
1671 1218 2017 1284 abnuentes.
2081 1216 2229 1301 XII,
2279 1217 2360 1282 16
2406 1218 2731 1284 adversum

273 1325 687 1407 irrumpentes
744 1325 957 1389 valida
1013 1326 1206 1388 erant.
1298 1319 1467 1385 Vell.
1512 1320 1606 1404 II,
1662 1323 1748 1388 95
1806 1345 1946 1388 cwm
2000 1373 2015 1388 .
2054 1374 2068 1388 .
2108 1373 2123 1387 .
2160 1371 2175 1386 .
2222 1321 2498 1388 Plancus
2553 1372 2568 1387 .
2606 1371 2622 1387 .
2658 1374 2674 1390 .
2714 1375 2728 1388 .

276 1451 388 1496 nec
419 1433 758 1513 quidquam
781 1431 1014 1495 obicere
1044 1433 1253 1512 posset
1294 1428 1765 1495 adolescentibus
1802 1435 1914 1496 aut
1960 1429 2273 1496 obicientes
2316 1429 2535 1494 audire
2568 1431 2732 1510 quod

277 1557 408 1602 non
453 1541 804 1620 aqnosceret·
841 1556 1034 1602 senex.
1102 1533 1253 1600 Sall.
1281 1533 1421 1619 Iug.
1450 1536 1509 1619 3,
1538 1536 1579 1599 2
1625 1556 1776 1601 nam
1820 1538 1885 1601 vi
1927 1537 2170 1618 quidem
2213 1556 2413 1618 reyere
2446 1537 2731 1618 patriam

275 1648 392 1706 aut
431 1647 739 1724 parentes,
801 1643 944 1724 102,
995 1643 1030 1705 7
1079 1643 1228 1723 quia
1259 1643 1546 1724 parentis
1590 1641 1829 1706 abunde
1872 1642 2176 1707 habemus.

455 1757 826 1826 Singularis
870 1757 1141 1813 numeri
1186 1748 1358 1831 apud
1396 1745 1779 1812 Sallustium
1826 1753 1891 1813 et,
1927 1748 2247 1814 Velleium
2295 1769 2426 1813 non
2472 1752 2731 1814 exstant

277 1855 604 1938 exempla3
653 1855 824 1938 apud
870 1854 1166 1918 Tacitum
1213 1855 1340 1920 duo
1390 1855 1740 1939 eademque
1787 1856 2080 1940 egregia:
2124 1855 2273 1920 hist.
2311 1853 2403 1939 II,
2446 1856 2528 1920 76
2571 1858 2729 1922 satis

274 1962 484 2026 clarus
528 1966 616 2026 est
657 1963 830 2044 apud
871 1962 1179 2025 timentem
1223 1961 1501 2044 quisquis
1546 1961 1810 2026 timetur.
1886 1962 2037 2027 dial.
2082 1962 2169 2027 20
2213 1962 2570 2045 praecurrit
2620 1961 2730 2028 hoc

281 2073 544 2150 tempore
587 2069 772 2134 iudex
814 2069 1122 2132 dicentem.

457 2174 598 2239 Iam
625 2177 979 2259 sequuntur
1007 2195 1208 2239 casus
1244 2183 1426 2239 tertii
1463 2176 1776 2259 exempla,
1813 2176 1882 2240 in
1929 2175 2164 2259 quibus
2211 2177 2467 2258 praeter
2514 2196 2723 2240 exem-

276 2281 532 2365 plorum
580 2281 1062 2346 multitudinem
1107 2279 1271 2343 nihil
1309 2281 1599 2345 notabile
1649 2303 1787 2347 esse
1815 2280 2085 2346 videtur.
2142 2281 2335 2346 sicut:
2382 2280 2531 2345 Tac.
2580 2303 2725 2346 ann.

283 2386 370 2471 II,
416 2387 501 2452 82
548 2387 864 2468 displicere
906 2387 1304 2469 reynantibus
1347 2387 1558 2452 civilia
1601 2388 1877 2470 filiorum
1920 2388 2187 2470 inqenia.
2252 2385 2371 2471 III,
2415 2387 2501 2451 43
2548 2408 2727 2469 quae-

279 2513 394 2574 que
437 2493 569 2584 alia
611 2493 970 2558 venantibus
1007 2492 1128 2556 tela
1161 2497 1322 2556 sunt.
1378 2491 1496 2577 III,
1531 2493 1616 2557 49
1665 2493 2065 2575 arquentibus
2098 2495 2186 2558 ad
2214 2494 2553 2576 perniciem
2580 2494 2729 2574 plus

273 2601 423 2683 fidei
469 2600 613 2681 fuit.
686 2598 812 2683 III,
857 2597 943 2665 54
997 2599 1472 2665 dominantibus.
1545 2598 1671 2684 III,
1721 2598 1804 2665 75
1859 2600 2209 2682 obsequium
2266 2599 2727 2665 dominantibus

273 2708 476 2789 maqis
516 2706 914 2787 probabatur.
987 2704 1102 2789 IV,
1152 2707 1186 2768 1
1233 2706 1636 2771 saevientibus
1689 2708 1848 2771 vires
1882 2707 2191 2788 praebere.
2262 2705 2377 2791 IV,
2422 2706 2507 2771 58
2564 2707 2727 2771 unde

273 2814 449 2879 exitii
503 2833 694 2877 causa
745 2811 958 2877 multis
1005 2811 1136 2891 fuit
1173 2832 1514 2894 properum
1571 2813 1760 2895 finem
1817 2814 2011 2877 vitare
2069 2813 2540 2879 coniectantibus
2594 2812 2722 2877 vul-

267 2920 690 3003 qantibusque.
752 2916 866 3001 IV,
912 2918 996 2981 63
1043 2923 1212 2983 aetas
1264 2938 1532 2983 errorem
1584 2920 2045 3002 aqnoscentibus
2095 2920 2338 3000 fecerat.
2410 2917 2489 3003 V,
2534 2920 2579 2983 4
2623 2920 2719 2984 in-

275 3046 466 3091 serere
509 3046 572 3091 se
615 3024 1048 3091 dubitantibus.
1124 3022 1203 3108 V,
1250 3025 1289 3088 8
1336 3045 1526 3107 neque
1569 3026 1749 3089 aliud
1779 3025 2275 3107 periclitantibus
2331 3025 2577 3089 auoeilii.
2643 3024 2727 3109 V,

284 3130 364 3193 10
399 3152 514 3211 per
557 3131 766 3197 dolum
809 3129 1237 3195 comitantibus
1288 3130 1737 3195 alliciebantur.
1809 3128 1932 3213 VI,
1978 3128 2063 3193 35
2118 3128 2539 3193 dubitantibus
2582 3130 2717 3195 sub-

281 3236 546 3301 veniunt.
607 3236 719 3321 VI,
766 3237 852 3301 36
899 3237 1242 3301 absentium
1287 3257 1508 3319 aequos
1541 3236 1969 3319 praesentibus
2012 3234 2255 3301 nobiles.
2326 3233 2439 3319 XI,
2488 3235 2528 3298 6
2574 3256 2721 3316 quo-

279 3344 454 3435 modo
507 3344 600 3407 vis
651 3344 1003 3408 morborum
1047 3344 1254 3425 pretia
1299 3344 1672 3409 medentibus
1714 3345 1803 3409 sie
1852 3344 1981 3424 fori
2035 3341 2199 3405 tabes
2241 3342 2572 3424 pecuniam
2616 3342 2724 3406 ad-

279 3449 502 3514 vocatis
532 3449 715 3529 ferat.
770 3448 950 3532 XIII,
991 3450 1071 3513 18
1111 3450 1570 3531 capessentibus,
1623 3448 1802 3532 XIV,
1839 3450 1927 3513 22
1962 3448 2297 3513 consuleret
2326 3449 2516 3530 quieti
2550 3448 2725 3512 urbis

274 3574 445 3635 seque
489 3575 694 3637 prava
748 3554 1220 3635 diffamantibus
1280 3556 1671 3621 subtraheret.
1744 3553 1931 3638 XIV,
1986 3554 2071 3617 33
2126 3556 2290 3636 quod
2340 3553 2723 3619 uberrimum

277 3661 572 3741 spolianti
617 3666 674 3725 et
715 3662 1168 3742 defendentibus
1211 3664 1501 3727 intutum.
1569 3659 1747 3745 XVI,
1794 3662 1879 3725 22
1924 3681 2085 3725 nova
2129 3662 2509 3742 cupientibus
2552 3663 2723 3744 aufe-

275 3770 453 3831 ratur
509 3768 640 3831 dux
691 3773 750 3832 et
805 3773 1030 3833 auctor.
1110 3767 1264 3833 hist.
1309 3767 1370 3853 Ι,
1421 3770 1504 3833 14
1563 3759 1827 3833 deterius
1882 3766 2427 3850 interpretantibus
2486 3770 2724 3834 tristior

273 3871 617 3936 habebatur.
679 3872 730 3954 Ι,
776 3875 858 3938 21
907 3875 1383 3940 dominantibus.
1449 3874 1500 3959 I,
1545 3874 1632 3940 35
1681 3873 2065 3939 minantibus
2112 3874 2471 3955 intrepidus.
2536 3873 2587 3957 Ι,
2634 3874 2719 3939 58

265 3979 732 4060 postulantibus.
806 3980 891 4065 II,
939 3981 1024 4045 14
1064 3981 1457 4063 fuqientibus.
1530 3980 1594 4044 H
1605 4031 1623 4064 ,
1676 3982 1706 4043 1
1719 3983 1754 4046 7
1803 3980 2248 4064 occupantibus.
2321 3978 2405 4063 H,
2450 3980 2539 4043 24
2582 3980 2720 4045 sub-

276 4085 502 4149 sidium
557 4086 991 4153 laborantibus.
1066 4086 1158 4171 Π,
1203 4086 1288 4150 49
1345 4086 1719 4153 abeuntibus.
1793 4086 1893 4151 III
1902 4137 1921 4170 ,
1972 4086 2053 4150 13
2108 4086 2262 4167 quid
2301 4085 2570 4151 dicturos
2622 4107 2721 4153 res

269 4192 648 4273 poscentibus
693 4199 806 4257 aut
835 4214 1140 4277 prospera
1184 4199 1299 4259 aut
1341 4195 1614 4259 adversa.
1685 4192 1803 4277 III,
1855 4195 1932 4258 17
1983 4211 2299 4266 occursare
2330 4193 2719 4275 paventibus.

273 4296 388 4381 III,
416 4299 504 4362 30
541 4300 1031 4383 oppuqnantibus
1060 4302 1543 4365 incitamentum.
1602 4298 1723 4384 III,
1749 4300 1833 4365 59
1864 4301 2033 4364 nives
2058 4299 2465 4365 eluctantibus
2496 4302 2719 4383 patuit.

274 4402 384 4488 III,
422 4404 507 4468 65
551 4405 748 4472 voltus
779 4408 1002 4489 procul
1035 4408 1371 4473 visentibus
1406 4398 1799 4471 notabantur.
1859 4405 1979 4489 ΙΙΙ,
2018 4405 2102 4469 83
2148 4404 2361 4469 aberat
2379 4409 2719 4489 puqnanti-

273 4510 378 4575 bus
433 4516 734 4594 spectator
777 4513 1064 4596 populus.
1148 4512 1275 4599 ΙΙΙ,
1332 4513 1418 4577 84
1478 4532 1552 4577 ea
1609 4533 1762 4577 cura
1818 4513 2007 4577 etiam
2066 4511 2461 4577 morientibus
2518 4514 2720 4579 decori

273 4617 466 4683 emitas
495 4619 638 4699 fuit.
697 4617 812 4704 IV,
851 4622 933 4685 78
979 4620 1354 4686 vincentibus
1385 4640 1659 4701 pran
1695 4620 1857 4684 inter
1894 4621 2058 4703 ipsos
2093 4624 2411 4685 certamen.
2478 4616 2593 4704 IV,
2632 4621 2667 4683 7
2675 4618 2717 4681 2
2754 4610 2764 4616 ’
