3303 5235
652 295 777 358 122
1730 293 1914 364 Caput.
1948 295 2014 350 V.

641 457 703 522 II
717 509 736 541 ,
791 460 910 524 127
958 459 1270 524 habentem
1313 460 1661 524 consularis
1699 460 1949 539 fratres.
2038 457 2129 541 11,
2173 459 2296 522 129
2342 479 2527 540 quam
2572 458 2835 524 celeriter
2874 460 3048 542 inqra-

642 572 772 630 tum
815 571 874 630 et
915 587 1074 630 nova
1119 567 1465 632 molientem
1507 568 1820 648 omiressit.
1895 563 2050 629 Sall.
2087 564 2224 650 Iug.
2268 565 2379 648 14,
2421 566 2496 628 11
2542 585 2640 628 me
2673 566 2885 629 iisdem
2920 567 3053 632 dolis

644 675 854 756 nequit
897 693 1108 755 capere
1152 672 1312 736 nihil
1348 674 1560 738 minus
1593 693 1783 754 quam
1816 673 1943 736 vim
1978 677 2091 736 aut
2134 671 2355 736 bellum
2388 675 2841 752 ea‘spectantem.
2904 673 2999 754 21,
3020 674 3051 736 2

639 781 1034 846 semisomnos
1065 781 1309 861 partim
1355 780 1514 846 alios
1557 801 1743 844 arma
1784 780 2082 844 sumentis
2131 777 2359 860 fuyant
2397 779 2803 860 funduntque.
2892 779 2993 860 68,
3020 780 3053 843 3

640 889 865 954 milites
905 889 1097 968 fessos
1141 887 1384 952 itiner-is
1419 889 1847 970 maqnitudine
1890 888 2076 950 etiam
2120 887 2447 951 abnuentis
2482 886 2695 950 omnia
2728 885 2888 949 docet
2916 887 3056 966 oppi-

640 996 788 1059 dum
838 995 1075 1077 Vaqam
1119 1015 1247 1058 non
1282 995 1553 1076 amplius
1597 995 1767 1059 mille
1804 1015 2109 1076 passmim
2152 995 2370 1060 abesse.
2456 994 2539 1058 88
2554 1043 2573 1076 ,
2612 993 2653 1056 3
2702 991 2978 1056 Gaetulos
3010 998 3057 1056 et

639 1101 1016 1184 quwrtham
1059 1122 1134 1166 ex
1177 1101 1358 1168 sociis
1411 1101 1638 1166 nostris
1672 1101 1952 1182 praedas
1996 1102 2236 1183 aqentis
2280 1149 2296 1165 .
2335 1149 2350 1164 .
2390 1149 2403 1163 .
2442 1149 2455 1162 .
2498 1100 2766 1179 fuderat.
2844 1098 2979 1162 hist.
3016 1098 3057 1180 I,

641 1209 746 1292 41,
789 1208 868 1272 19
915 1210 1070 1274 satis
1105 1209 1220 1272 illa
1254 1207 1492 1289 fuerint
1525 1229 1681 1289 quae
1716 1208 1887 1272 rabie
1923 1211 2237 1272 contracta
2274 1207 2667 1271 toleravimus
2702 1226 2917 1270 manus
2946 1226 3054 1268 con-

550 1375 566 1388 ,
641 1316 898 1380 serentis
932 1316 1094 1379 inter
1137 1336 1202 1382 se
1243 1315 1562 1380 Romanos
1607 1316 1917 1380 exereitus.

841 1473 910 1528 V.
958 1472 1285 1542 Particlpii
1322 1472 1665 1542 praesentis
1704 1486 1838 1527 eum
1876 1471 2148 1526 ablativo
2186 1468 2463 1536 iungitur
2500 1468 2896 1525 accusativum

820 1582 968 1648 Tac.
1009 1605 1158 1648 ann.
1195 1581 1307 1660 IV,
1346 1584 1428 1647 21
1478 1584 1547 1648 in
1585 1584 1797 1647 animo
1843 1583 2170 1646 revolvente
2214 1581 2346 1644 iras
2386 1631 2399 1643 .
2438 1629 2451 1642 .
2493 1630 2505 1642 .
2546 1630 2559 1642 .
2598 1579 2889 1643 memoria
2926 1579 3052 1641 vale-

641 1690 757 1754 bat.
833 1687 952 1768 XI,
987 1691 1069 1754 10
1105 1711 1147 1754 a
1196 1689 1368 1755 Vibio
1406 1689 1629 1753 Marso
1666 1689 1894 1754 Suriae
1932 1689 2122 1770 leqato
2159 1688 2381 1753 bellum
2418 1688 2751 1751 minitante
2784 1684 3055 1748 cohibitus.

641 1795 852 1860 Germ.
901 1798 977 1861 17
1025 1797 1300 1880 sinqulos
1344 1801 1521 1860 artus
1565 1797 1951 1877 exprimente.
2039 1793 2201 1859 Vell.
2239 1793 2331 1878 II,
2376 1794 2500 1857 112
2549 1814 2690 1856 cum
2730 1791 3053 1872 facientibus

639 1905 880 1984 copiam
914 1903 1247 1985 pugnandi
1295 1903 1816 1984 deri'yentilbusque
1861 1903 2068 1966 aciem.
2151 1900 2217 1964 II
2227 1950 2245 1984 ,
2260 1901 2317 1968 d
2337 1901 2414 1964 14
2459 1921 2639 1964 nemo
2676 1921 2706 1962 e
2740 1899 2905 1962 nobis
2936 1918 3051 1978 qra-

643 2009 860 2072 dumve
894 2015 1172 2073 nostrum
1209 2014 1322 2074 aut
1354 2009 1851 2090 praecedentibus
1886 2014 1997 2072 aut
2030 2007 2409 2090 sequentibus
2444 2005 2783 2070 imbecillus
2811 2003 2939 2084 fuit.
2988 2002 3049 2063 ib.

642 2135 768 2178 non
794 2115 1173 2196 sequentibus
1200 2116 1596 2198 disciplinam
1623 2117 1871 2198 iynovit.
1915 2114 2000 2198 II,
2023 2115 2109 2179 43
2139 2136 2216 2178 ne
2240 2114 2687 2194 conspiceretur
2712 2133 2754 2175 a
2768 2107 3044 2192 praedoni-

645 2219 754 2286 bus
799 2224 1010 2287 omnia
1055 2228 1200 2288 tunc
1240 2223 1642 2288 obtinentibus
1687 2223 1911 2286 maria.
1988 2219 2280 2284 Sallustii
2324 2241 2457 2284 non
2495 2223 2759 2284 exstant
2793 2215 3047 2298 exempla.

894 2397 998 2452 VI.
1037 2397 1362 2467 Participil
1400 2397 1742 2467 praesentis
1780 2411 1913 2452 cum
1951 2395 2232 2464 genetivo
2272 2395 2550 2462 {ungitur
2586 2393 2849 2450 dativus·

821 2507 1038 2572 Unum
1078 2506 1283 2572 Vellei
1331 2510 1692 2591 exemplum
1727 2507 1919 2572 nobis
1964 2509 2223 2589 praesto
2270 2510 2395 2569 est:
2457 2504 2548 2589 II,
2591 2506 2727 2596 110
2772 2504 2926 2568 cuius
2958 2499 3035 2561 im·

643 2605 884 2680 mensae
919 2616 1334 2681 multitudinis
1359 2617 1642 2699 parentis
1678 2615 1996 2679 acerrimis
2030 2635 2105 2679 ac
2130 2613 2528 2696 peritissimis
2570 2612 2846 2689 ducibus,
2884 2625 3042 2671 unum

646 2721 880 2787 Taciti:
925 2721 1079 2787 hist.
1124 2721 1249 2805 ΙΙΙ,
1295 2724 1379 2787 68
1427 2723 1843 2787 obsistentium
1880 2722 2220 2803 penatibus,

841 2878 980 2933 VII.
1017 2878 1342 2947 Participss
1380 2878 1724 2948 praesentis
1762 2892 1896 2933 eum
1934 2877 2277 2933 accusativo
2315 2875 2597 2944 iungitur
2641 2875 2885 2931 dativum.

825 2986 978 3051 Sall.
1023 2987 1161 3074 Iug.
1203 2989 1284 3053 76
1297 3040 1313 3073 ,
1362 2993 1392 3054 1
1443 2994 1739 3054 naturam
1787 2991 1989 3072 ipsam
2034 2988 2241 3053 ceteris
2285 2988 2744 3069 imperitantem
2788 2978 3041 3049 industria

646 3098 885 3161 vicerat.

858 3255 1031 3310 VIII.
1077 3254 1404 3323 Partlcipll
1442 3253 1783 3323 praesentis
1821 3267 1953 3308 cum
1993 3252 2258 3307 ablativo
2295 3250 2575 3318 iungitur
2610 3251 2868 3307 dativus·

824 3363 972 3428 Tac.
1026 3365 1176 3428 hist.
1223 3364 1317 3448 11,
1363 3365 1450 3428 24
1506 3364 1915 3444 ferocissimos
1977 3362 2394 3427 auxiliarium
2448 3344 2899 3426 imminentibus
2946 3354 3051 3419 viae

649 3470 803 3534 lucis
848 3471 1104 3535 occultos
1150 3473 1467 3552 componit.

647 3646 764 3701 IX.
806 3644 1132 3714 Participii
1168 3645 1511 3715 praesentis
1541 3661 1674 3700 cum
1704 3645 1973 3700 ablativo
2012 3645 2291 3713 iungitur
2318 3644 2700 3700 aecusativus
2739 3636 2945 3697 obtecti
2978 3629 3050 3687 vel

895 3732 1226 3788 accusativi
1264 3748 1399 3788 cum
1438 3734 1745 3789 infinitivo
1784 3734 2095 3789 structura
2134 3735 2230 3789 vel
2268 3735 2435 3789 solus
2473 3733 2833 3787 iussnItivuS.

1003 3860 1070 3946 a)
1117 3862 1470 3927 ablativo
1521 3862 1883 3926 absoluto
1934 3861 2321 3926 obiectum
2368 3861 2739 3946 iungitur.

827 3985 976 4051 Tac.
1024 4008 1170 4051 ann.
1217 3983 1306 4069 II,
1354 3986 1394 4050 9
1441 3987 1738 4051 irridente
1782 3986 2077 4051 Arminio
2122 3987 2277 4051 vilia
2320 3987 2573 4051 servitia
2606 3985 2827 4069 pretia.
2892 3970 3047 4056 XLG

648 4093 804 4157 talia
848 4094 1076 4157 dicente
1119 4092 1361 4157 consule
1403 4093 1732 4176 desiynatO.
1833 4090 1988 4175 XII,
2026 4093 2109 4156 69
2166 4093 2511 4157 aemulante
2556 4088 2901 4175 Aqrippina
2928 4098 3044 4165 pro·

648 4201 826 4263 aviae
887 4200 1107 4263 Isiviae
1168 4200 1707 4280 maqnificentiam.
1825 4196 1981 4261 XIII
1991 4248 2008 4281 ,
2058 4200 2092 4263 7
2158 4198 2303 4262 haec
2356 4204 2414 4262 et
2476 4199 2631 4262 talia
2689 4186 3047 4276 vumantibuss·

648 4302 828 4387 XIV,
851 4306 892 4368 2
941 4307 1168 4371 lasciva
1213 4306 1419 4371 oscula
1463 4312 1520 4370 et
1551 4307 1965 4387 praenuntias
2008 4306 2237 4388 flaqitii
2281 4305 2615 4370 blanditias
2658 4294 3046 4367 annotantibus

636 4412 964 4492 proximis,
1046 4412 1223 4496 XIV,
1259 4413 1347 4476 44
1391 4414 1497 4477 sed
1539 4413 1938 4494 obtemperari
1981 4433 2106 4477 non
2146 4418 2386 4495 poterat
2426 4412 2775 4494 conqlobata
2816 4402 3044 4470 multitu-

649 4519 790 4582 dine
833 4521 891 4581 et
932 4538 1091 4582 saoea
1134 4540 1208 4583 ac
1246 4520 1413 4599 faces
1466 4520 1756 4583 minante.
1839 4518 2015 4599 XIV,
2054 4519 2137 4583 53
2182 4520 2677 4600 familiaritatem
2718 4516 2843 4581 eius
2881 4504 3043 4588 magiis

651 4628 1018 4705 aspernante
1050 4623 1337 4688 Caesare.
1428 4623 1606 4707 XIV,
1656 4625 1737 4688 57
1785 4626 2066 4706 perculso
2113 4624 2341 4689 Seneca
2386 4631 2739 4709 promptum
2786 4620 2903 4701 fuit
2938 4613 3038 4677 Ru-
