3303 5235
547 215 673 292 4&
1626 229 1811 298 Caput
1845 229 1911 283 ΙΙ.

547 414 807 458 mamam
867 394 1046 476 copia
1110 398 1261 458 erat.
1343 392 1456 477 52,
1511 393 1552 457 3
1617 393 1857 475 copiam
1910 394 2242 474 puynandi
2302 394 2459 475 fieri.
2552 393 2663 477 61,
2712 393 2756 456 4
2824 395 3019 474 copia

546 500 840 580 fallundi.
913 501 1023 584 82,
1075 502 1107 563 1
1157 499 1438 565 omnibus
1484 500 1599 565 loci
1629 501 1965 582 puynandi
2008 500 2249 582 copiam
2289 500 2461 580 facit.
2534 499 2646 583 85,
2693 500 2734 563 6
2780 499 3017 564 nobili-

551 611 734 671 tatem
781 607 978 672 locum
1022 607 1357 672 invadendi
1399 627 1701 689 quaerere.

727 712 848 777 His
898 713 1207 797 exemplis
1254 714 1496 795 optime
1557 713 2061 797 demonstratur,
2123 733 2318 798 quam
2375 712 2653 778 libenter
2698 709 3017 794 inprimis

554 819 820 884 Tacitus
885 819 956 884 in
1017 841 1139 883 usu
1204 820 1434 884 talium
1511 819 2063 884 substantivorum
2129 841 2273 883 cum
2342 818 2639 903 genetivo
2704 815 3017 901 gerundii

559 927 1149 1012 coniungendorum
1200 925 1650 1010 amplificando
1700 930 1993 990 versatus
2042 925 2143 990 sit.
2320 991 2327 997 ,

727 1033 867 1098 Iam
905 1055 1085 1117 vero,
1133 1034 1241 1117 qui
1281 1034 1473 1117 paulo
1516 1032 1866 1097 studiosius
1904 1033 1973 1097 in
2012 1031 2525 1096 antecedentium
2564 1030 3017 1114 exemplorum

551 1121 682 1205 vim
743 1143 806 1204 et
849 1144 1147 1205 naturam
1207 1162 1275 1204 se
1331 1140 1783 1222 insinuaverit,
1844 1160 1991 1202 eum
2045 1137 2545 1223 haudquaquam
2601 1136 2792 1201 huius
2850 1157 3015 1199 usus

553 1247 617 1311 id
665 1267 870 1332 genus
914 1246 1140 1331 fugere
1187 1246 1432 1330 potuit,
1479 1245 1547 1309 in
1594 1267 1721 1329 quo
1770 1245 2069 1330 genetivo
2109 1244 2406 1328 gerundii
2452 1243 2775 1309 obiectivo
2824 1242 3011 1306 addi-

551 1357 661 1419 tur
707 1353 1044 1437 genetivus
1083 1375 1272 1437 quem
1312 1353 1534 1417 dicunt
1580 1351 1972 1417 subiectivus
2021 1351 2190 1416 sicut
2236 1350 2387 1416 Tac.
2430 1349 2580 1416 hist.
2616 1349 2675 1432 I,
2714 1350 2800 1413 22
2850 1348 3017 1413 Ocho

557 1465 874 1542 tamquam
893 1530 904 1540 .
924 1461 1158 1541 peritia
1221 1464 1279 1523 et
1339 1460 1578 1525 monitu
1635 1459 1916 1539 fatorum
1957 1457 2282 1541 praedicta
2336 1455 2668 1538 wmfflebat
2726 1455 3023 1538 cuffidine

557 1567 790 1649 inqenii
841 1566 1105 1632 humani
1164 1566 1447 1631 libentius
1510 1565 1763 1631 obseura
1828 1565 2121 1629 credendi.
2210 1561 2383 1627 Witt
2427 1562 2467 1626 1.
2514 1562 2553 1626 1.
2610 1562 2806 1626 etiam
2864 1561 3021 1627 Tac.

560 1695 705 1738 ann.
753 1671 896 1757 XV,
943 1673 1026 1738 51
1084 1673 1210 1738 huc
1266 1671 1586 1756 pertinere
1633 1673 1877 1754 censet,
1938 1691 2327 1754 quamquam
2384 1668 2720 1753 genetivus
2767 1667 2832 1733 N
2844 1690 3020 1733 ero-

557 1779 678 1843 nis
725 1816 811 1825 —
866 1779 931 1843 id
979 1780 1149 1862 quod
1206 1779 1417 1843 virum
1473 1775 2148 1842 illum'doctissimum
2194 1774 2439 1859 fugisse
2495 1774 2749 1838 videtur
2802 1811 2881 1820 —
2934 1797 3021 1840 ne

562 1888 736 1948 caret
782 1885 1039 1968 quidem
1087 1884 1262 1948 omni
1312 1883 1741 1967 dubitatione,
1786 1887 1887 1947 est
1922 1882 2093 1946 enim
2134 1881 2417 1966 genuina
2461 1880 2653 1945 lectio
2689 1878 3025 1964 Neroni,

562 2013 756 2073 quam
803 1991 870 2054 in
914 1987 1248 2054 Neronis
1303 1993 1554 2055 mutare
1610 2010 1745 2054 non
1802 1987 2201 2072 intellegitur
2260 2009 2371 2051 cur
2417 2008 2580 2071 opus
2636 1987 2735 2050 sit.
2822 1987 3025 2052 etiam

561 2096 756 2161 Halm
804 2097 1021 2162 dativo
1068 2097 1531 2181 patrocinatur.

1025 2307 1113 2362 11.
1166 2307 1255 2362 De
1294 2306 1572 2374 genetivo
1611 2306 1719 2374 qul
1758 2305 2053 2375 dependet
2090 2304 2162 2360 de
2200 2304 2543 2362 adiectlvis.

743 2432 1086 2499 Adiectiva
1130 2435 1255 2500 huc
1302 2434 1668 2518 spectantia
1705 2457 1743 2498 a
1790 2433 2233 2518 grammaticis
2280 2432 2453 2498 haud
2502 2434 2775 2498 absurde
2822 2434 3021 2498 rela-

565 2541 728 2604 tiva
773 2541 1094 2604 nominari
1142 2541 1368 2605 solent.
1454 2561 1847 2626 quamquam
1895 2540 2063 2603 enim
2092 2605 2097 2610 ,
2123 2562 2237 2623 per
2282 2562 2349 2604 se
2397 2544 2640 2605 certam
2692 2540 3011 2627 quandam

567 2647 898 2712 notionem
945 2648 1237 2732 explent,
1302 2650 1518 2710 tamen
1574 2647 1645 2710 in
1703 2647 1873 2711 iusto
1932 2647 2267 2711 enuntiato
2328 2646 2617 2711 adhiberi
2672 2649 3007 2731 nequeunt,

568 2754 696 2818 nisi
732 2775 834 2816 res
872 2753 1156 2836 additur,
1202 2754 1284 2817 ad
1321 2776 1513 2838 quam
1554 2754 1736 2818 notio
1777 2752 2074 2817 adiectivi
2116 2754 2406 2819 refertur.
2479 2754 2639 2818 haec
2686 2776 2792 2817 res
2832 2772 3016 2837 gene-

569 2862 706 2926 tivo
775 2866 961 2924 casu¹
1002 2860 1222 2925 utitur.
1326 2860 1438 2924 sed
1497 2860 1669 2943 quod
1733 2859 1904 2923 Witt
1960 2882 2019 2943 p.
2066 2861 2150 2924 29
2212 2859 2501 2943 disputat
2563 2859 2797 2923 mirum
2866 2881 3021 2943 esse,

575 2988 687 3031 cur
743 2988 888 3030 cum
944 2989 1099 3031 usus
1157 2967 1449 3051 gerundii
1508 2967 1927 3032 antecedente
1987 2966 2391 3031 substantivo
2459 2965 3019 3051 frequentissimus

573 3074 660 3138 sit
671 3072 710 3156 ,'
743 3073 1036 3158 gerundii
1086 3074 1453 3156 anteposito
1501 3074 1819 3139 adiectivo
1875 3074 2355 3159 angustissimis
2401 3074 2642 3139 finibus
2696 3075 3017 3139 continea-

574 3185 708 3262 tur,
758 3179 824 3242 id
864 3179 1065 3243 cuivis
1107 3181 1445 3263 apparebit
1491 3181 1574 3244 ad
1613 3180 1911 3245 Tacitum
1952 3182 2167 3245 minus
2215 3179 2601 3266 quadrare.¹)
2685 3182 3023 3246 intercedit

575 3286 744 3350 enim
791 3285 968 3349 inter
1011 3285 1306 3350 Tacitum
1353 3270 1724 3371 ceterosque
1787 3288 2129 3372 scriptores
2188 3288 2253 3352 id
2310 3288 2722 3370 discriminiS,
2778 3293 2855 3353 ut
2908 3290 3015 3353 ille

571 3413 911 3456 numerum
973 3391 1455 3475 adieetivorum,
1524 3415 1687 3478 quae
1740 3393 1889 3457 huic
1946 3396 2092 3458 usui
2149 3394 2537 3477 inserviunt,
2603 3394 2731 3457 late
2794 3396 3016 3479 ampli-

575 3498 786 3562 ficarit
831 3498 1028 3562 etiam
1073 3498 1312 3563 talibus
1361 3500 1689 3565 adiectivis
1746 3501 2072 3585 admissis,
2131 3522 2295 3586 quae
2338 3499 2701 3573 'secundum
2748 3502 3013 3583 primiti-

576 3626 724 3668 vam
772 3605 1309 3688 significationem
1349 3606 1617 3671 relativa
1651 3628 1788 3671 non
1826 3609 1995 3671 sunt.
2072 3628 2195 3690 quo
2244 3608 2345 3690 fit,
2392 3610 2466 3670 ut
2501 3606 2639 3670 iure
2676 3608 3013 3673 contendas

575 3709 787 3774 Taciti
822 3710 891 3773 in
930 3710 1054 3775 hoc
1091 3734 1210 3775 usu
1254 3713 1630 3776 varietatem
1658 3713 1905 3776 nullum
1948 3714 2145 3778 alium
2187 3715 2564 3797 scriptorem
2614 3713 3015 3798 adaequasse.

579 3814 922 3881 Sallustius
971 3820 1036 3880 et
1072 3816 1358 3882 Velleius
1405 3816 1669 3881 modum
1717 3840 1755 3881 a
1797 3818 2079 3883 classicis
2128 3818 2548 3902 scriptoribus
2595 3821 3013 3886 constitutum

576 3943 711 3986 non
757 3925 1182 3987 excesserunt.
1267 3926 1548 3986 ceterum
1597 3924 1843 4005 optime
1888 3924 2061 4015 hunc
2105 3925 2173 3988 in
2220 3925 2481 3990 modum
2518 3926 2737 3990 Latini
2785 3949 3016 3992 sermo-

577 4030 678 4093 nis
739 4030 995 4114 inopiae
1054 4029 1330 4112 occurri,
1392 4051 1518 4113 qua
1568 4030 1823 4095 laborat
1874 4031 1958 4095 ob
2010 4030 2409 4095 deficientem
2461 4032 2837 4098 facultatem
2892 4056 3014 4099 uno

579 4134 897 4200 vocabulo
963 4136 1121 4200 duas
1189 4135 1544 4199 sententias
1611 4136 2036 4220 componendi
2098 4158 2213 4219 per
2286 4160 2352 4201 se
2414 4141 2616 4223 patet.
2707 4162 3015 4205 summam

582 4241 750 4323 apud
782 4238 1064 4306 Graecos
1099 4245 1164 4306 et
1192 4240 1550 4306 Germanos
1581 4243 2042 4307 abundantiam
2070 4264 2211 4308 esse
2240 4250 2513 4311 constat.
2564 4244 3016 4332 (lernbegierig

586 4383 661 4395 --
697 4344 1082 4431 φιλομαθής
1117 4384 1192 4395 --
1227 4348 1512 4413 discendi
1542 4346 1857 4434 cupidus.)
1920 4350 2050 4415 iam
2081 4353 2375 4434 exempla
2411 4353 2554 4435 ipsa
2582 4374 3014 4417 enumeremus

729 4560 781 4627 1)
821 4557 899 4615 Cf.
939 4558 1110 4613 etiam
1147 4576 1276 4632 pag.
1318 4564 1411 4628 57,
1451 4559 1547 4615 ubi
1583 4558 1883 4631 gerundivi
1920 4576 2048 4613 usus
2085 4561 2377 4617 tractatur.
