3303 5235
923 299 1007 352 De
1043 298 1468 368 participiorum
1504 315 1608 352 usu
1644 297 2047 368 praedicativo.
2590 297 2715 360 103

259 465 517 546 repertis
560 483 716 544 quae
757 464 830 528 de
873 467 1012 526 ortu
1055 463 1296 544 vitaque
1343 512 1354 525 .
1396 512 1409 526 .
1449 512 1462 526 .
1509 461 1841 543 composita
1884 465 2077 524 erant.
2150 460 2265 544 XI,
2311 461 2352 526 3
2399 463 2716 544 usurpatis

259 569 488 650 quibus
519 570 870 635 insueverat
899 568 1441 634 evercitationibus.
1498 567 1611 651 XI,
1646 568 1725 631 19
1762 567 1969 632 missis
2002 567 2112 647 ραι
2146 567 2411 631 maiores
2438 565 2718 632 Chaucos

261 675 354 738 ad
412 676 776 740 deditionem
825 675 1196 758 pellicerent.
1283 672 1404 756 XI,
1469 673 1558 738 25
1618 672 1935 738 eoehaustis
1995 674 2181 736 etiam
2242 693 2397 754 quas
2459 674 2718 738 dictator

259 779 500 845 Caesar
541 781 858 864 subleyere.
913 779 1026 864 XI,
1055 781 1137 845 27
1186 779 1480 846 adhibitis
1515 780 1623 862 ραι
1658 779 2061 862 obsiynarent.
2119 779 2232 864 XI,
2260 780 2345 845 33
2383 782 2719 862 assumptis

254 887 487 967 quibus
529 889 692 952 idem
735 892 943 952 metus.
1003 885 1149 970 XII,
1192 888 1274 950 12
1318 887 1529 952 excitis
1571 906 1832 968 quorum
1876 886 1951 949 de
1992 888 2290 952 sententia
2322 889 2555 969 petitus
2590 909 2716 953 rex.

245 990 414 1076 XII,
462 993 544 1056 31
595 995 784 1058 caesis
827 995 936 1076 ραι
978 995 1348 1058 resisterunt.
1429 991 1584 1075 XII,
1631 992 1717 1056 33
1764 991 1995 1057 additis
2038 994 2146 1075 ραι
2177 1015 2397 1076 pacem
2440 999 2719 1060 nostram

255 1099 628 1166 metuebant.
685 1099 833 1184 XII,
870 1101 958 1165 35
994 1101 1442 1182 circumspectis
1473 1120 1630 1182 quae
1665 1098 2173 1180 impenetrabilia.
2234 1098 2412 1184 XIII,
2442 1103 2521 1166 21
2562 1123 2717 1168 com-

255 1205 449 1270 motis
493 1207 603 1288 ραι·
647 1208 925 1272 aderant.
991 1205 1181 1291 XIII,
1228 1207 1314 1271 39
1363 1211 1493 1270 tum
1537 1206 1981 1287 circumspectis
2024 1207 2421 1272 mumimentis
2464 1213 2523 1272 et
2562 1231 2720 1291 quae

253 1312 709 1393 emgneqnationi
751 1313 976 1378 idonea
1006 1313 1297 1395 provisis.
1379 1311 1570 1396 XIII,
1618 1311 1707 1376 55
1752 1312 1951 1394 captis
2001 1313 2259 1377 caesisve
2302 1314 2412 1395 ραι
2442 1315 2718 1396 perticae

258 1417 400 1480 cius
444 1418 810 1484 restiterant.
866 1416 1046 1502 XIV,
1078 1419 1158 1483 16
1205 1419 1532 1484 contractis
1565 1418 1789 1500 quibus
1821 1417 2038 1498 aliqua
2071 1421 2390 1501 panyendi
2418 1413 2717 1500 facultas.

251 1521 452 1606 XIV,
506 1524 588 1588 31
657 1527 972 1590 commotis
1035 1527 1121 1590 ad
1188 1526 1571 1592 rebellionem
1634 1524 2119 1589 Trinobantibus
2189 1527 2298 1606 ραι
2370 1527 2715 1592 turbabant.

249 1627 442 1712 XIV,
485 1629 576 1694 40
620 1631 874 1696 adscitis
917 1652 1084 1714 quos.
1149 1631 1327 1716 XIV,
1373 1633 1456 1696 47
1506 1629 1909 1696 adulantibus
1952 1631 2183 1694 circum
2226 1633 2351 1713 ραι.
2415 1630 2592 1716 XIV,
2630 1633 2715 1698 53

236 1737 654 1819 prodentibus
708 1739 794 1804 iis
843 1739 1064 1821 quibus
1117 1739 1332 1820 aliqua
1387 1739 1622 1804 honesti
1664 1737 1864 1819 cuspa.
1945 1733 2124 1820 XIV,
2170 1737 2257 1801 54
2310 1739 2419 1802 sed
2469 1739 2719 1804 traditis

251 1864 527 1925 quorum
566 1843 808 1926 fulyore
839 1847 1287 1928 praestrinyor.
1359 1844 1502 1924 XV,
1550 1846 1589 1910 8
1645 1848 1931 1925 corrupto
1972 1845 2083 1927 ραι
2126 1847 2341 1926 captus
2384 1849 2519 1909 erat
2560 1865 2717 1910 oom-

252 1953 488 2013 meatu.
546 1947 691 2033 XV,
742 1950 822 2015 16
869 1952 1255 2017 adstantibus
1299 1953 1382 2018 iis
1427 2002 1442 2018 .
1482 2000 1497 2016 .
1535 2002 1549 2018 .
1587 2001 1603 2016 .
1648 1969 1801 2034 quos
1844 1951 2112 2015 miserat.
2168 1948 2310 2036 XV,
2356 1953 2439 2016 27
2489 1953 2718 2033 apertis

252 2075 420 2138 quae
463 2059 728 2121 vetustas
773 2057 1171 2139 obsaepserat.
1230 2055 1375 2141 XV,
1405 2057 1490 2121 34
1536 2077 1769 2140 eyresso
1814 2057 1923 2138 ραι
1967 2055 2240 2136 affuerat
2269 2057 2519 2139 populo.
2574 2056 2719 2140 XV,

258 2162 350 2225 52
383 2166 671 2244 prompte
705 2164 952 2228 daturis
987 2166 1097 2247 ραι
1143 2215 1155 2228 .
1195 2215 1208 2228 .
1250 2213 1264 2228 .
1309 2169 1517 2230 essent.
1577 2161 1757 2247 XVI,
1785 2163 1826 2226 2
1864 2163 2073 2227 missis
2098 2184 2213 2246 per
2247 2184 2403 2245 quas
2439 2168 2718 2229 nosceret.

262 2265 455 2350 XVI,
501 2269 544 2332 3
607 2271 1116 2335 consumebantur
1165 2275 1384 2335 veteres
1439 2290 1580 2353 opes
1629 2270 1813 2351 quasi
1866 2268 2084 2333 obuztis
2134 2287 2285 2350 quos
2343 2270 2568 2334 multos
2601 2291 2719 2352 per

269 2393 467 2439 anuos
497 2376 861 2458 prodiyeret.
929 2377 1079 2441 hist.
1126 2375 1176 2459 I,
1221 2377 1311 2441 44
1354 2376 1632 2441 certatim
1678 2375 2119 2440 ostentantibus
2164 2380 2446 2439 cruentas
2491 2395 2719 2441 manus

265 2482 378 2562 ραι
419 2481 786 2548 acciderant.
829 2483 926 2567 ·11,
960 2484 1042 2548 16
1087 2485 1406 2567 disyressis
1449 2483 1558 2564 ραι·
1593 2481 1938 2546 Pacarium
1969 2480 2459 2562 frequentabant.
2516 2480 2602 2567 Π,
2629 2483 2717 2548 42

273 2589 518 2669 repertis
559 2589 670 2672 ραι
713 2590 1024 2657 descivisse
1068 2613 1110 2656 a
1169 2591 1408 2658 Vitellio
1451 2590 1780 2656 exercitum
1823 2588 2273 2655 ementirentur.
2348 2587 2431 2673 H,
2477 2589 2565 2655 45
2610 2590 2720 2672 ραι

259 2695 582 2773 ferociores
621 2696 880 2777 fuerant
921 2700 1008 2763 ad
1036 2700 1482 2780 poenitentiam
1527 2696 1988 2763 inclinantibus.
2059 2694 2153 2780 H,
2200 2694 2287 2760 85
2332 2696 2720 2778 proturbatis

260 2802 374 2883 qui
419 2802 492 2867 de
539 2801 773 2869 Othorae
815 2804 1207 2870 nuntiabant.
1287 2804 1412 2887 III,
1466 2805 1546 2869 10
1591 2803 1859 2869 disiectis
1910 2804 2020 2886 ραι·
2065 2803 2341 2868 tribunal
2395 2802 2719 2867 tuebantur

255 2912 571 2975 extremus
602 2911 975 2993 parabatur.
1048 2911 1174 2996 III,
1224 2911 1304 2976 13
1351 2910 1782 2993 incipientibus
1827 2911 1937 2992 ραι
1982 2910 2206 2976 conscii
2250 2911 2530 2975 aderant.
2604 2908 2720 2993 III,

255 3015 350 3081 68
397 3016 872 3097 reclamantibus
915 3019 1025 3101 ραι
1060 3020 1130 3083 in
1155 3018 1430 3083 contione
1473 3018 1859 3083 adstiterant.
1904 3014 2020 3095 Ill,
2050 3016 2086 3080 7
2092 3016 2136 3079 4
2176 3016 2578 3097 frementibus
2612 3018 2722 3099 ραι

241 3122 558 3205 petebant.
639 3122 753 3204 IV,
804 3127 884 3189 19
940 3123 1336 3209 affluentibus
1399 3124 1554 3206 ipsis
1615 3124 1737 3206 qui
1787 3127 2130 3187 suaserant.
2210 3119 2325 3204 IV,
2370 3121 2459 3185 24
2513 3124 2721 3189 missis

241 3248 372 3311 per
419 3228 670 3295 Gallias
713 3232 822 3313 ραι·
865 3232 1104 3297 auxilio
1159 3232 1482 3296 concirent.
1560 3229 1675 3314 IV,
1723 3228 1809 3295 35
1842 3228 2209 3311 praemissis
2252 3229 2360 3310 ραι
2400 3232 2621 3309 pontes
2664 3234 2724 3293 et

253 3336 516 3401 viarum
559 3342 826 3420 angusta
869 3340 1218 3404 insiderent.
1289 3337 1401 3416 IV,
1431 3338 1516 3405 39
1545 3339 1632 3402 sie
1660 3342 1850 3419 eyesto
1886 3336 2186 3418 quidquid
2221 3335 2549 3400 turbidum.
2605 3334 2721 3420 IV,

258 3444 300 3508 7
316 3444 348 3505 l
407 3443 617 3507 missis
662 3492 675 3507 .
717 3492 734 3507 .
771 3492 788 3507 .
831 3446 940 3527 ραι
985 3494 1002 3509 .
1040 3494 1053 3508 .
1093 3494 1109 3509 .
1151 3450 1449 3511 verterait
1502 3449 1807 3509 contracto
1862 3444 2025 3524 quod
2075 3447 2211 3507 erat
2260 3441 2531 3507 militum
2576 3442 2717 3505 Mo-

246 3549 557 3632 quntiaci.
613 3547 694 3634 V,
746 3551 829 3614 12
873 3552 1082 3621 missis
1125 3603 1142 3619 .
1187 3602 1200 3615 .
1241 3600 1255 3615 .
1299 3553 1409 3634 ραι
1454 3601 1468 3617 .
1509 3601 1523 3615 .
1561 3600 1575 3615 .
1621 3551 2066 3616 obtruncarent.
2123 3549 2205 3633 V,
2253 3550 2334 3614 18
2380 3549 2721 3631 absumptis

257 3656 377 3738 ραι
421 3656 755 3723 iaciuntur.
822 3657 901 3741 V,
953 3660 1031 3723 19
1088 3660 1290 3742 raptis
1343 3680 1498 3741 quae
1547 3658 1706 3739 ferri
1747 3662 2054 3741 poterant.
2126 3656 2211 3721 ib.
2256 3657 2521 3723 disiectis
2566 3676 2721 3739 quae

257 3762 688 3828 morabantur.
751 3764 970 3849 Agric.
1022 3766 1103 3829 19
1151 3766 1525 3831 circumcisis
1566 3786 1739 3847 ρααε.
1800 3764 1885 3829 36
1932 3765 2147 3829 stratis
2180 3765 2314 3846 ραι.
2374 3765 2458 3828 39
2506 3765 2721 3846 emptis

259 3888 544 3950 quorum.
609 3867 776 3934 Vell.
820 3867 908 3949 II,
953 3870 996 3934 5
1040 3871 1230 3935 aditis
1275 3890 1432 3953 quae
1475 3872 1580 3935 vix
1623 3871 1844 3935 audita
1887 3876 2082 3937 erant.
2144 3870 2227 3954 II,
2273 3872 2359 3935 42
2404 3872 2720 3935 mandatis

261 3973 576 4039 custodiae
617 3994 768 4056 quos
813 3982 1100 4059 coeperat.
1174 3974 1326 4043 Sall.
1371 3976 1511 4061 Ing.
1559 3976 1673 4061 58,
1725 3978 1756 4041 1
1820 3978 2093 4043 remissis
2136 3978 2245 4058 ραι
2300 3979 2369 4041 ιιι
2402 3978 2719 4058 praesidio

265 4086 464 4147 erant.
541 4080 687 4163 106,
731 4084 772 4147 3
815 4084 1078 4165 proditis
1121 4104 1274 4167 quos
1315 4083 1580 4150 ducebat.

311 4274 386 4341 H.
451 4276 542 4339 Do
588 4274 879 4343 ablativo
926 4276 1221 4343 absoluto
1267 4277 1601 4362 participii
1645 4278 2005 4362 praesentis
2046 4277 2227 4343 nullo
2265 4278 2673 4346 substantivo

1343 4384 1655 4467 apposito.

449 4506 544 4572 Ut
589 4508 780 4573 modo
827 4510 1344 4574 demonstratum
1391 4512 1514 4591 est,
1571 4509 1839 4574 ablativi
1894 4508 2181 4574 absoluti
2237 4512 2519 4595 exstant,
2566 4533 2717 4594 quo-

275 4636 416 4679 rum
457 4614 818 4682 subiectum
857 4637 934 4679 ex
971 4615 1512 4701 subsequentibus
1548 4616 1970 4699 repetendum
2000 4619 2125 4701 est3
2172 4616 2284 4681 sed
2322 4618 2516 4681 etiam
2552 4618 2718 4685 tales
